@article { Dik:ASY,
    AUTHOR = {Dikii, Gel'fand}
}
