Automatically generated by Mendeley 1.7.1
Any changes to this file will be lost if it is regenerated by Mendeley.

@article{Gel'fand1975,
author = {Gel'fand, I M and Dikii, L a},
doi = {10.1070/RM1975v030n05ABEH001522},
file = {:home/bs/Dokumente/Mendeley/Gel'fand, Dikii - 1975 - Asymptotic Behaviour of the Resolvent of Sturm-Liouville Equations and the Algebra of the Korteweg-De Vries Equations.pdf:pdf},
issn = {0036-0279},
journal = {Russian Mathematical Surveys},
month = oct,
number = {5},
pages = {pp.~77--113},
title = {{Asymptotic Behaviour of the Resolvent of Sturm-Liouville Equations and
    the Algebra of the Korteweg--De~Vries Equations}},
url = {http://stacks.iop.org/0036-0279/30/i=5/a=R02?key=crossref.6d88e50035e98953b437aabef9629aa8},
volume = {30},
year = {1975}
}

@book{Miller2006,
    AUTHOR = {Miller, Peter D.},
     TITLE = {Applied asymptotic analysis},
    SERIES = {Graduate Studies in Mathematics},
    VOLUME = {75},
 PUBLISHER = {American Mathematical Society},
   ADDRESS = {Providence, RI},
      YEAR = {2006},
     PAGES = {xvi+467},
      ISBN = {0-8218-4078-9},
   MRCLASS = {34-01 (34Exx 35A35 35Q53 35Q55 41A60)},
  MRNUMBER = {2238098 (2007e:34002)},
MRREVIEWER = {B. L. J. Braaksma},
}

@book{Konigsberger2004,
author = {K{\"o}nigsberger, Konrad},
isbn = {3540203893},
pages = {472},
publisher = {Springer-Verlag},
address = {Berlin},
title = {{Analysis 2}},
url = {http://www.amazon.com/Analysis-2-Springer-Lehrbuch-German-Edition/dp/3540203893},
year = {2004}
}

@article{LV13,
author = {Lesch, Matthias and Vertman, Boris},
file = {:home/bs/Dokumente/Mendeley/Lesch, Vertman - 2012 - Regularizing infinite sums of zeta-determinants.pdf:pdf},
journal = {unpublished draft},
keywords = {and phrases,regular-,regularized integral,resolvent expansion,zeta-determinant},
title = {{Regularizing infinite sums of zeta-determinants}},
year = {2012}
}

@book{Estrada1993,
    AUTHOR = {Estrada, Ricardo and Kanwal, Ram P.},
     TITLE = {Asymptotic analysis - A distributional approach},
 PUBLISHER = {Birkh\"auser},
   ADDRESS = {Boston},
      YEAR = {1994},
     PAGES = {x+258},
      ISBN = {0-8176-3716-8},
   MRCLASS = {46Fxx (34E05 41A60 44A60)},
  MRNUMBER = {1254657 (95g:46071)},
MRREVIEWER = {J. Horv{\'a}th},
       DOI = {10.1007/978-1-4684-0029-8},
       URL = {http://dx.doi.org/10.1007/978-1-4684-0029-8},
}
