@preamble{
   "\def\cprime{$'$} "
}
%% 10.08.2010 Merge of various bib files from recent projects
%%%%%%%%%%%%%%%%%%%%%%%%%%%%%%%%%%%%%%%%%%%%%%%%%%%%%%%%%%%%%%%%%55
% manual how to add items to this file
% get the bibtex data using MRLOOKUP (google it), this
% will give you a nicely formatted bibtex entry including
% the MR data.
% If the paper is available on arxiv add the field 'arxivid'
% Example:
@article{AKM:QEF,
    AUTHOR = {Axelsson, Andreas and Keith, Stephen and McIntosh, Alan},
     TITLE = {Quadratic estimates and functional calculi of perturbed
              {D}irac operators},
   JOURNAL = {Invent. Math.},
  FJOURNAL = {Inventiones Mathematicae},
    VOLUME = {163},
      YEAR = {2006},
    NUMBER = {3},
     PAGES = {455--497},
      ISSN = {0020-9910},
     CODEN = {INVMBH},
   MRCLASS = {58J05 (35Q40 47A60 47F05)},
  MRNUMBER = {2207232 (2007k:58029)},
MRREVIEWER = {Ian Raymond Doust},
       DOI = {10.1007/s00222-005-0464-x},
       URL = {http://dx.doi.org/10.1007/s00222-005-0464-x},
   arxivid = {arXiv:math/0412321v2},
}
% the order of the fields is not significant
% If you want to add an unpublished paper which is only available on arxiv
% here is an example:

%arxiv{BooLesZhu:CPD,
%	lmplabel = {BoLeZh08},
%    AUTHOR = {Booss--Bavnbek, Bernhelm and Lesch, Matthias and Zhu, Chaofeng},
%     TITLE = {The {C}alderon projection: new definitions and applications},
%     arxivid = {arXiv:0803.4160v1 [math.DG]},
%      year = {2008}
%}
% if you are completely dissatisfied with the way the labels are calculated
% you may add a field named lmplabel and provide the label. However, this
% so far works only with the bib style lmp.bst. I did not have the time
% to incorporate the hack for the lmplabel into amsalpha-lmp.bst yet
% Example:
@article{APS:SARI,
    AUTHOR = {Atiyah, M. F. and Patodi, V. K. and Singer, I. M.},
     TITLE = {Spectral asymmetry and {R}iemannian geometry. {I}},
   JOURNAL = {Math. Proc. Cambridge Philos. Soc.},
  FJOURNAL = {Mathematical Proceedings of the Cambridge Philosophical
              Society},
    VOLUME = {77},
      YEAR = {1975},
     PAGES = {43--69},
      ISSN = {0305-0041},
   MRCLASS = {58G10 (57E15 57D85)},
  MRNUMBER = {0397797 (53 \#1655a)},
MRREVIEWER = {Kh. Knapp},
}

@article{APS:SARII,
    AUTHOR = {Atiyah, M. F. and Patodi, V. K. and Singer, I. M.},
     TITLE = {Spectral asymmetry and {R}iemannian geometry. {II}},
   JOURNAL = {Math. Proc. Cambridge Philos. Soc.},
  FJOURNAL = {Mathematical Proceedings of the Cambridge Philosophical
              Society},
    VOLUME = {78},
      YEAR = {1975},
    NUMBER = {3},
     PAGES = {405--432},
      ISSN = {0305-0041},
   MRCLASS = {58G10 (57E15 57D85)},
  MRNUMBER = {0397798 (53 \#1655b)},
MRREVIEWER = {Kh. Knapp},
}

@article{APS:SARIII,
    AUTHOR = {Atiyah, M. F. and Patodi, V. K. and Singer, I. M.},
     TITLE = {Spectral asymmetry and {R}iemannian geometry. {III}},
   JOURNAL = {Math. Proc. Cambridge Philos. Soc.},
  FJOURNAL = {Mathematical Proceedings of the Cambridge Philosophical
              Society},
    VOLUME = {79},
      YEAR = {1976},
    NUMBER = {1},
     PAGES = {71--99},
      ISSN = {0305-0041},
   MRCLASS = {58G10 (57E15 57D85)},
  MRNUMBER = {0397799 (53 \#1655c)},
MRREVIEWER = {Kh. Knapp},
}

@article{Agm:EEG,
    AUTHOR = {Agmon, Shmuel},
     TITLE = {On the eigenfunctions and on the eigenvalues of general
              elliptic boundary value problems},
   JOURNAL = {Comm. Pure Appl. Math.},
  FJOURNAL = {Communications on Pure and Applied Mathematics},
    VOLUME = {15},
      YEAR = {1962},
     PAGES = {119--147},
      ISSN = {0010-3640},
   MRCLASS = {35.80},
  MRNUMBER = {0147774 (26 \#5288)},
MRREVIEWER = {M. Schechter},
}

@article{AgrMar:SPE,
    AUTHOR = {Agranovich, M. S. and Markus, A. S.},
     TITLE = {On spectral properties of elliptic pseudo-differential
              operators far from selfadjoint ones},
   JOURNAL = {Z. Anal. Anwendungen},
  FJOURNAL = {Zeitschrift f\"ur Analysis und ihre Anwendungen},
    VOLUME = {8},
      YEAR = {1989},
    NUMBER = {3},
     PAGES = {237--260},
      ISSN = {0232-2064},
   MRCLASS = {35P20 (35S15 47G05 58G15)},
  MRNUMBER = {1023117 (90i:35197)},
MRREVIEWER = {Jan Bochenek},
}

@article{Ang:AIT,
    AUTHOR = {Anghel, Nicolae},
     TITLE = {An abstract index theorem on noncompact {R}iemannian
              manifolds},
   JOURNAL = {Houston J. Math.},
  FJOURNAL = {Houston Journal of Mathematics},
    VOLUME = {19},
      YEAR = {1993},
    NUMBER = {2},
     PAGES = {223--237},
      ISSN = {0362-1588},
     CODEN = {HJMADZ},
   MRCLASS = {58G10 (47A53 47F05)},
  MRNUMBER = {1225459 (94c:58193)},
MRREVIEWER = {John Roe},
}

@article{Ang:ICO,
    AUTHOR = {Anghel, N.},
     TITLE = {On the index of {C}allias-type operators},
   JOURNAL = {Geom. Funct. Anal.},
  FJOURNAL = {Geometric and Functional Analysis},
    VOLUME = {3},
      YEAR = {1993},
    NUMBER = {5},
     PAGES = {431--438},
      ISSN = {1016-443X},
     CODEN = {GFANFB},
   MRCLASS = {58G10},
  MRNUMBER = {1233861 (94m:58213)},
MRREVIEWER = {Matthias Lesch},
       DOI = {10.1007/BF01896237},
       URL = {http://dx.doi.org/10.1007/BF01896237},
}

@article{AvrSeiSim:IPP,
    AUTHOR = {Avron, J. and Seiler, R. and Simon, B.},
     TITLE = {The index of a pair of projections},
   JOURNAL = {J. Funct. Anal.},
  FJOURNAL = {Journal of Functional Analysis},
    VOLUME = {120},
      YEAR = {1994},
    NUMBER = {1},
     PAGES = {220--237},
      ISSN = {0022-1236},
     CODEN = {JFUAAW},
   MRCLASS = {47A53 (46L10 47B10)},
  MRNUMBER = {1262254 (95b:47012)},
MRREVIEWER = {H. Halpern},
}

@article{BFK:DEB,
    AUTHOR = {Burghelea, D. and Friedlander, L. and Kappeler, T.},
     TITLE = {On the determinant of elliptic boundary value problems on a
              line segment},
   JOURNAL = {Proc. Amer. Math. Soc.},
  FJOURNAL = {Proceedings of the American Mathematical Society},
    VOLUME = {123},
      YEAR = {1995},
    NUMBER = {10},
     PAGES = {3027--3038},
      ISSN = {0002-9939},
     CODEN = {PAMYAR},
   MRCLASS = {58G26 (34B05 47E05 47G99)},
  MRNUMBER = {1301012 (95m:58131)},
MRREVIEWER = {Wies{\l}aw J. Ol{\polhk{e}}dzki},
}

@article {BaaJul:TBK,
    AUTHOR = {Baaj, Saad and Julg, Pierre},
     TITLE = {Th\'eorie bivariante de {K}asparov et op\'erateurs non
              born\'es dans les {$C\sp{\ast} $}-modules hilbertiens},
   JOURNAL = {C. R. Acad. Sci. Paris S\'er. I Math.},
  FJOURNAL = {Comptes Rendus des S\'eances de l'Acad\'emie des Sciences.
              S\'erie I. Math\'ematique},
    VOLUME = {296},
      YEAR = {1983},
    NUMBER = {21},
     PAGES = {875--878},
      ISSN = {0249-6321},
     CODEN = {CHASAP},
   MRCLASS = {46M20 (46L99 55N15 58G12)},
  MRNUMBER = {715325 (84m:46091)},
MRREVIEWER = {Jerome Kaminker},
}

@article{BauDouTay:CRC,
    AUTHOR = {Baum, Paul and Douglas, Ronald G. and Taylor, Michael E.},
     TITLE = {Cycles and relative cycles in analytic {$K$}-homology},
   JOURNAL = {J. Differential Geom.},
  FJOURNAL = {Journal of Differential Geometry},
    VOLUME = {30},
      YEAR = {1989},
    NUMBER = {3},
     PAGES = {761--804},
      ISSN = {0022-040X},
     CODEN = {JDGEAS},
   MRCLASS = {58G12 (19K56 32F20 35J99 46L80 47F05 58G20)},
  MRNUMBER = {1021372 (91b:58244)},
MRREVIEWER = {Jerome Kaminker},
}

@book{BerGetVer:HKD,
    AUTHOR = {Berline, Nicole and Getzler, Ezra and Vergne, Mich{\`e}le},
     TITLE = {Heat kernels and {D}irac operators},
    SERIES = {Grundlehren der Mathematischen Wissenschaften [Fundamental
              Principles of Mathematical Sciences]},
    VOLUME = {298},
 PUBLISHER = {Springer-Verlag},
   ADDRESS = {Berlin},
      YEAR = {1992},
     PAGES = {viii+369},
      ISBN = {3-540-53340-0},
   MRCLASS = {58G10 (58G11)},
  MRNUMBER = {1215720 (94e:58130)},
MRREVIEWER = {Alejandro Uribe},
}

@article{BilSchSei:CHP,
    AUTHOR = {Bilyj, Olesya and Schrohe, Elmar and Seiler, J{\"o}rg},
     TITLE = {{$H_\infty$}-calculus for hypoelliptic pseudodifferential
              operators},
   JOURNAL = {Proc. Amer. Math. Soc.},
  FJOURNAL = {Proceedings of the American Mathematical Society},
    VOLUME = {138},
      YEAR = {2010},
    NUMBER = {5},
     PAGES = {1645--1656},
      ISSN = {0002-9939},
     CODEN = {PAMYAR},
   MRCLASS = {47G30 (35S05 47A60 58J40)},
  MRNUMBER = {2587449 (2010m:47063)},
MRREVIEWER = {Luigi Rodino},
       DOI = {10.1090/S0002-9939-10-10271-8},
       URL = {http://dx.doi.org/10.1090/S0002-9939-10-10271-8},
   arxivid = {arXiv:0901.3160v2 [math.AP]},
}

@book{Bla:KTO,
    AUTHOR = {Blackadar, Bruce},
     TITLE = {{$K$}-theory for operator algebras},
    SERIES = {Mathematical Sciences Research Institute Publications},
    VOLUME = {5},
 PUBLISHER = {Springer-Verlag},
   ADDRESS = {New York},
      YEAR = {1986},
     PAGES = {viii+338},
      ISBN = {0-387-96391-X},
   MRCLASS = {46L80 (18F25 19Kxx 46M20 58G12)},
  MRNUMBER = {859867 (88g:46082)},
MRREVIEWER = {Vern Paulsen},
}


@book {Bla:KTO2Ed,
    AUTHOR = {Blackadar, Bruce},
     TITLE = {{$K$}-theory for operator algebras},
    SERIES = {Mathematical Sciences Research Institute Publications},
    VOLUME = {5},
   EDITION = {Second},
 PUBLISHER = {Cambridge University Press},
   ADDRESS = {Cambridge},
      YEAR = {1998},
     PAGES = {xx+300},
      ISBN = {0-521-63532-2},
   MRCLASS = {46L80 (19Kxx 58G12)},
  MRNUMBER = {1656031 (99g:46104)},
}

@book {Bla:OA,
    AUTHOR = {Blackadar, B.},
     TITLE = {Operator algebras},
    SERIES = {Encyclopaedia of Mathematical Sciences},
    VOLUME = {122},
      NOTE = {Theory of $C{\sp{*}}$-algebras and von Neumann algebras,
              Operator Algebras and Non-commutative Geometry, III},
 PUBLISHER = {Springer-Verlag},
   ADDRESS = {Berlin},
      YEAR = {2006},
     PAGES = {xx+517},
      ISBN = {978-3-540-28486-4; 3-540-28486-9},
   MRCLASS = {46L05 (46L10 46L80)},
  MRNUMBER = {2188261 (2006k:46082)},
MRREVIEWER = {Paul Jolissaint},
}

@article {Ble:CBC,
    AUTHOR = {Blecher, David P.},
     TITLE = {A completely bounded characterization of operator algebras},
   JOURNAL = {Math. Ann.},
  FJOURNAL = {Mathematische Annalen},
    VOLUME = {303},
      YEAR = {1995},
    NUMBER = {2},
     PAGES = {227--239},
      ISSN = {0025-5831},
     CODEN = {MAANA},
   MRCLASS = {46L05 (46H05 46K05 47D25)},
  MRNUMBER = {1348798 (96k:46098)},
MRREVIEWER = {Stephen Power},
       DOI = {10.1007/BF01460988},
       URL = {http://dx.doi.org/10.1007/BF01460988},
}

@article {Ble:GHM,
    AUTHOR = {Blecher, David P.},
     TITLE = {A generalization of {H}ilbert modules},
   JOURNAL = {J. Funct. Anal.},
  FJOURNAL = {Journal of Functional Analysis},
    VOLUME = {136},
      YEAR = {1996},
    NUMBER = {2},
     PAGES = {365--421},
      ISSN = {0022-1236},
     CODEN = {JFUAAW},
   MRCLASS = {46L05 (46B28 46L99 47D25)},
  MRNUMBER = {1380659 (97g:46071)},
MRREVIEWER = {Christian Le Merdy},
       DOI = {10.1006/jfan.1996.0034},
       URL = {http://dx.doi.org/10.1006/jfan.1996.0034},
}

@incollection{BloFox:APO,
    AUTHOR = {Block, Jonathan and Fox, Jeffrey},
     TITLE = {Asymptotic pseudodifferential operators and index theory},
 BOOKTITLE = {Geometric and topological invariants of elliptic operators
              ({B}runswick, {ME}, 1988)},
    SERIES = {Contemp. Math.},
    VOLUME = {105},
     PAGES = {1--32},
 PUBLISHER = {Amer. Math. Soc.},
   ADDRESS = {Providence, RI},
      YEAR = {1990},
   MRCLASS = {58G12 (19K56 46L80 47G30 58B30 58G15)},
  MRNUMBER = {1047274 (91e:58186)},
MRREVIEWER = {Stig I. Andersson},
}

@article{Boc:RSP,
    AUTHOR = {B{\^o}cher, Maxime},
     TITLE = {On regular singular points of linear differential equations of
              the second order whose coefficients are not necessarily
              analytic},
   JOURNAL = {Trans. Amer. Math. Soc.},
  FJOURNAL = {Transactions of the American Mathematical Society},
    VOLUME = {1},
      YEAR = {1900},
    NUMBER = {1},
     PAGES = {40--52},
      ISSN = {0002-9947},
     CODEN = {TAMTAM},
   MRCLASS = {34A25},
  MRNUMBER = {1500523},
       DOI = {10.2307/1986402},
       URL = {http://dx.doi.org/10.2307/1986402},
}

@article{BooFur:MIF,
    lmplabel = {BoFu98},
    AUTHOR = {Booss-Bavnbek, Bernhelm and Furutani, Kenro},
     TITLE = {The {M}aslov index: a functional analytical definition and the
              spectral flow formula},
   JOURNAL = {Tokyo J. Math.},
  FJOURNAL = {Tokyo Journal of Mathematics},
    VOLUME = {21},
      YEAR = {1998},
    NUMBER = {1},
     PAGES = {1--34},
      ISSN = {0387-3870},
   MRCLASS = {58G10 (47B25 58G20)},
  MRNUMBER = {1630119 (99e:58172)},
MRREVIEWER = {Liviu I. Nicolaescu},
}


@article{BooLes:IDE,
    AUTHOR = {Booss-Bavnbek, Bernhelm and Lesch, Matthias},
     TITLE = {The invertible double of elliptic operators},
   JOURNAL = {Lett. Math. Phys.},
  FJOURNAL = {Letters in Mathematical Physics. A Journal for the Rapid
              Dissemination of Short Contributions in the Field of
              Mathematical Physics},
    VOLUME = {87},
      YEAR = {2009},
    NUMBER = {1-2},
     PAGES = {19--46},
      ISSN = {0377-9017},
     CODEN = {LMPHDY},
   MRCLASS = {58J32 (35J67 58J30 58J50)},
  MRNUMBER = {2480643 (2010f:58028)},
MRREVIEWER = {Kenro Furutani},
       DOI = {10.1007/s11005-009-0292-9},
       URL = {http://dx.doi.org/10.1007/s11005-009-0292-9},
   arxivid = {arXiv:0803.4047 [math.DG]},
}


@article{BooLesZhu:CPD,
    AUTHOR = {Boo{\ss}-Bavnbek, Bernhelm and Lesch, Matthias and Zhu,
              Chaofeng},
     TITLE = {The {C}alder\'on projection: new definition and applications},
   JOURNAL = {J. Geom. Phys.},
  FJOURNAL = {Journal of Geometry and Physics},
    VOLUME = {59},
      YEAR = {2009},
    NUMBER = {7},
     PAGES = {784--826},
      ISSN = {0393-0440},
     CODEN = {JGPHE5},
   MRCLASS = {58J32 (35F05 47F05)},
  MRNUMBER = {2536846 (2010f:58027)},
MRREVIEWER = {Paul A. Kirk},
  arxivid = {arXiv:0803.4160v1 [math.DG]} ,
         DOI = {10.1016/j.geomphys.2009.03.012},
       URL = {http://dx.doi.org/10.1016/j.geomphys.2009.03.012},
}

@book{BooWoj:EBP,
    AUTHOR = {Boo{\ss}-Bavnbek, Bernhelm and Wojciechowski, Krzysztof P.},
     TITLE = {Elliptic boundary problems for {D}irac operators},
    SERIES = {Mathematics: Theory \& Applications},
 PUBLISHER = {Birkh\"auser Boston Inc.},
   ADDRESS = {Boston, MA},
      YEAR = {1993},
     PAGES = {xviii+307},
      ISBN = {0-8176-3681-1},
   MRCLASS = {58G20 (58G10)},
  MRNUMBER = {1233386 (94h:58168)},
MRREVIEWER = {John Roe},
}



@book{BotTu:DFA,
    AUTHOR = {Bott, Raoul and Tu, Loring W.},
     TITLE = {Differential forms in algebraic topology},
    SERIES = {Graduate Texts in Mathematics},
    VOLUME = {82},
 PUBLISHER = {Springer-Verlag},
   ADDRESS = {New York},
      YEAR = {1982},
     PAGES = {xiv+331},
      ISBN = {0-387-90613-4},
   MRCLASS = {57R19 (55-02 58-01 58A12)},
  MRNUMBER = {658304 (83i:57016)},
MRREVIEWER = {Hansklaus Rummler},
}
 
@article{BraPfl:HAWFSS,
    lmplabel = {BrPf08},
    AUTHOR = {Brasselet, Jean-Paul and Pflaum, Markus J.},
     TITLE = {On the homology of algebras of {W}hitney functions over
              subanalytic sets},
   JOURNAL = {Ann. of Math. (2)},
  FJOURNAL = {Annals of Mathematics. Second Series},
    VOLUME = {167},
      YEAR = {2008},
    NUMBER = {1},
     PAGES = {1--52},
      ISSN = {0003-486X},
     CODEN = {ANMAAH},
   MRCLASS = {32Bxx},
  MRNUMBER = {2373151},
}
 
@article{BruLes:BVPI,
    AUTHOR = {Br{\"u}ning, Jochen and Lesch, Matthias},
     TITLE = {On boundary value problems for {D}irac type operators. {I}.
              {R}egularity and self-adjointness},
   JOURNAL = {J. Funct. Anal.},
  FJOURNAL = {Journal of Functional Analysis},
    VOLUME = {185},
      YEAR = {2001},
    NUMBER = {1},
     PAGES = {1--62},
      ISSN = {0022-1236},
     CODEN = {JFUAAW},
   MRCLASS = {58J32 (35B35 35B65 35F15 47N20 58J50)},
  MRNUMBER = {1853751 (2002g:58034)},
MRREVIEWER = {Thomas Schick},
arxivid    = {arXiv:9905181 [math.FA]}
}
 

@article{BruLes:EIC,
    AUTHOR = {Br{\"u}ning, Jochen and Lesch, Matthias},
     TITLE = {On the {$\eta$}-invariant of certain nonlocal boundary value
              problems},
   JOURNAL = {Duke Math. J.},
  FJOURNAL = {Duke Mathematical Journal},
    VOLUME = {96},
      YEAR = {1999},
    NUMBER = {2},
     PAGES = {425--468},
      ISSN = {0012-7094},
     CODEN = {DUMJAO},
   MRCLASS = {58G10 (58G11 58G20)},
  MRNUMBER = {1666570 (99m:58180)},
MRREVIEWER = {John G. Miller},
arxivid    = {arXiv:9609001 [dg-ga,math.DG]}
}

@article{BruLes:SGA,
    AUTHOR = {Br{\"u}ning, Jochen and Lesch, Matthias},
     TITLE = {On the spectral geometry of algebraic curves},
   JOURNAL = {J. Reine Angew. Math.},
  FJOURNAL = {Journal f\"ur die Reine und Angewandte Mathematik},
    VOLUME = {474},
      YEAR = {1996},
     PAGES = {25--66},
      ISSN = {0075-4102},
     CODEN = {JRMAA8},
   MRCLASS = {58G18 (14H20 58G05 58G11 58G25)},
  MRNUMBER = {1390691 (97d:58193)},
MRREVIEWER = {Nicolae Anghel},
}


@article{BruSee:ERS,
    AUTHOR = {Br{\"u}ning, J. and Seeley, R.},
     TITLE = {The expansion of the resolvent near a singular stratum of
              conical type},
   JOURNAL = {J. Funct. Anal.},
  FJOURNAL = {Journal of Functional Analysis},
    VOLUME = {95},
      YEAR = {1991},
    NUMBER = {2},
     PAGES = {255--290},
      ISSN = {0022-1236},
     CODEN = {JFUAAW},
   MRCLASS = {58G18 (35P05 47F05 58G03)},
  MRNUMBER = {1092127 (93g:58146)},
       DOI = {10.1016/0022-1236(91)90030-9},
       URL = {http://dx.doi.org/10.1016/0022-1236(91)90030-9},
}

@article{BruSee:ITF,
    AUTHOR = {Br{\"u}ning, Jochen and Seeley, Robert},
     TITLE = {An index theorem for first order regular singular operators},
   JOURNAL = {Amer. J. Math.},
  FJOURNAL = {American Journal of Mathematics},
    VOLUME = {110},
      YEAR = {1988},
    NUMBER = {4},
     PAGES = {659--714},
      ISSN = {0002-9327},
     CODEN = {AJMAAN},
   MRCLASS = {58G10 (47F05)},
  MRNUMBER = {955293 (89k:58271)},
MRREVIEWER = {Elmar Schrohe},
}

@article{BruSee:RES,
    AUTHOR = {Br{\"u}ning, Jochen and Seeley, Robert},
     TITLE = {The resolvent expansion for second order regular singular
              operators},
   JOURNAL = {J. Funct. Anal.},
  FJOURNAL = {Journal of Functional Analysis},
    VOLUME = {73},
      YEAR = {1987},
    NUMBER = {2},
     PAGES = {369--429},
      ISSN = {0022-1236},
     CODEN = {JFUAAW},
   MRCLASS = {35P20 (47F05 58G10 58G25)},
  MRNUMBER = {899656 (88g:35151)},
MRREVIEWER = {Jan Bochenek},
}

 @article{BruSee:RSA,
    AUTHOR = {Br{\"u}ning, Jochen and Seeley, Robert},
     TITLE = {Regular singular asymptotics},
   JOURNAL = {Adv. in Math.},
  FJOURNAL = {Advances in Mathematics},
    VOLUME = {58},
      YEAR = {1985},
    NUMBER = {2},
     PAGES = {133--148},
      ISSN = {0001-8708},
     CODEN = {ADMTA4},
   MRCLASS = {41A60 (30E15 33A40)},
  MRNUMBER = {814748 (87b:41032)},
MRREVIEWER = {E. Rieksti{\c{n}}{\v{s}}},
}



@article{BryGet:HAPDO,
    AUTHOR = {Brylinski, Jean-Luc and Getzler, Ezra},
     TITLE = {The homology of algebras of pseudodifferential symbols and the
              noncommutative residue},
   JOURNAL = {$K$-Theory},
  FJOURNAL = {$K$-Theory. An Interdisciplinary Journal for the Development,
              Application, and Influence of $K$-Theory in the Mathematical
              Sciences},
    VOLUME = {1},
      YEAR = {1987},
    NUMBER = {4},
     PAGES = {385--403},
      ISSN = {0920-3036},
     CODEN = {KTHEEO},
   MRCLASS = {58G15},
  MRNUMBER = {920951 (89j:58135)},
MRREVIEWER = {P. Schapira},
       DOI = {10.1007/BF00539624},
       URL = {http://dx.doi.org/10.1007/BF00539624},
}

@article{Bur:SPE,
  AUTHOR = {Burak, T.},
     TITLE = {On spectral projections of elliptic operators},
   JOURNAL = {Ann. Scuola Norm. Sup. Pisa (3)},
    VOLUME = {24},
      YEAR = {1970},
     PAGES = {209--230},
   MRCLASS = {47.65 (35.00)},
  MRNUMBER = {0279633 (43 \#5354)},
MRREVIEWER = {R. Beals},
}


@article{CLM:SEOI,
    AUTHOR = {Cappell, Sylvain E. and Lee, Ronnie and Miller, Edward Y.},
     TITLE = {Self-adjoint elliptic operators and manifold decompositions.
              {I}. {L}ow eigenmodes and stretching},
   JOURNAL = {Comm. Pure Appl. Math.},
  FJOURNAL = {Communications on Pure and Applied Mathematics},
    VOLUME = {49},
      YEAR = {1996},
    NUMBER = {8},
     PAGES = {825--866},
      ISSN = {0010-3640},
     CODEN = {CPAMA},
   MRCLASS = {58G10 (57R57 58G25)},
  MRNUMBER = {1391757 (97g:58162)},
MRREVIEWER = {Paul A. Kirk},
       DOI = {10.1002/(SICI)1097-0312(199608)49:8<825::AID-CPA3>3.3.CO;2-4},
       URL = {http://dx.doi.org/10.1002/(SICI)1097-0312(199608)49:8<825::AID-CPA3>3.3.CO;2-4},
}

@article{CLM:SEOII,
    AUTHOR = {Cappell, Sylvain E. and Lee, Ronnie and Miller, Edward Y.},
     TITLE = {Self-adjoint elliptic operators and manifold decompositions.
              {II}. {S}pectral flow and {M}aslov index},
   JOURNAL = {Comm. Pure Appl. Math.},
  FJOURNAL = {Communications on Pure and Applied Mathematics},
    VOLUME = {49},
      YEAR = {1996},
    NUMBER = {9},
     PAGES = {869--909},
      ISSN = {0010-3640},
     CODEN = {CPAMA},
   MRCLASS = {58G10 (57R57 58G25)},
  MRNUMBER = {1399200 (97g:58163)},
MRREVIEWER = {Paul A. Kirk},
       DOI = {10.1002/(SICI)1097-0312(199609)49:9<869::AID-CPA1>3.0.CO;2-5},
       URL = {http://dx.doi.org/10.1002/(SICI)1097-0312(199609)49:9<869::AID-CPA1>3.0.CO;2-5},
}

@article{Caretal:DTA,
    AUTHOR = {Carey, Alan L. and Rennie, Adam and Sedaev, Aleksandr and
              Sukochev, Fyodor},
     TITLE = {The {D}ixmier trace and asymptotics of zeta functions},
   JOURNAL = {J. Funct. Anal.},
  FJOURNAL = {Journal of Functional Analysis},
    VOLUME = {249},
      YEAR = {2007},
    NUMBER = {2},
     PAGES = {253--283},
      ISSN = {0022-1236},
     CODEN = {JFUAAW},
   MRCLASS = {46Lxx (47Dxx 58J42 58J52)},
  MRNUMBER = {2345333},
}

@article{Caretal:SFD,
    AUTHOR = {Carey, Alan and Phillips, John and Sukochev, Fyodor},
     TITLE = {Spectral flow and {D}ixmier traces},
   JOURNAL = {Adv. Math.},
  FJOURNAL = {Advances in Mathematics},
    VOLUME = {173},
      YEAR = {2003},
    NUMBER = {1},
     PAGES = {68--113},
      ISSN = {0001-8708},
     CODEN = {ADMTA4},
   MRCLASS = {58J42 (19K56 46L10 46L87 47G30 58J30 58J52)},
  MRNUMBER = {1954456 (2004e:58049)},
MRREVIEWER = {Evgeni{\u\i} V. Troitski{\u\i}},
}

@book{CdS:SG,
    AUTHOR = {Cannas da Silva, Ana},
     TITLE = {Lectures on symplectic geometry},
    SERIES = {Lecture Notes in Mathematics},
    VOLUME = {1764},
 PUBLISHER = {Springer-Verlag},
   ADDRESS = {Berlin},
      YEAR = {2001},
     PAGES = {xii+217},
      ISBN = {3-540-42195-5},
   MRCLASS = {53Dxx (53-01)},
  MRNUMBER = {1853077 (2002i:53105)},
MRREVIEWER = {Brendan J. Foreman},
       DOI = {10.1007/978-3-540-45330-7},
       URL = {http://dx.doi.org/10.1007/978-3-540-45330-7},
}

@article{Che:ATH,
    AUTHOR = {Cheeger, Jeff},
     TITLE = {Analytic torsion and the heat equation},
   JOURNAL = {Ann. of Math. (2)},
  FJOURNAL = {Annals of Mathematics. Second Series},
    VOLUME = {109},
      YEAR = {1979},
    NUMBER = {2},
     PAGES = {259--322},
      ISSN = {0003-486X},
     CODEN = {ANMAAH},
   MRCLASS = {58G10},
  MRNUMBER = {528965 (80j:58065a)},
MRREVIEWER = {J{\'o}zef Dodziuk},
       DOI = {10.2307/1971113},
       URL = {http://dx.doi.org/10.2307/1971113},
}

@article {Che:ESA,
    AUTHOR = {Chernoff, Paul R.},
     TITLE = {Essential self-adjointness of powers of generators of
              hyperbolic equations},
   JOURNAL = {J. Functional Analysis},
    VOLUME = {12},
      YEAR = {1973},
     PAGES = {401--414},
   MRCLASS = {35G10 (47F05)},
  MRNUMBER = {0369890 (51 \#6119)},
MRREVIEWER = {Michael E. Taylor},
}


@article{Che:SGS,
    AUTHOR = {Cheeger, Jeff},
     TITLE = {On the spectral geometry of spaces with cone-like
              singularities},
   JOURNAL = {Proc. Nat. Acad. Sci. U.S.A.},
  FJOURNAL = {Proceedings of the National Academy of Sciences of the United
              States of America},
    VOLUME = {76},
      YEAR = {1979},
    NUMBER = {5},
     PAGES = {2103--2106},
      ISSN = {0027-8424},
     CODEN = {PNASA6},
   MRCLASS = {58G25 (58G10)},
  MRNUMBER = {530173 (80k:58098)},
MRREVIEWER = {J{\'o}zef Dodziuk},
}

@article{Che:SGSR,
    AUTHOR = {Cheeger, Jeff},
     TITLE = {Spectral geometry of singular {R}iemannian spaces},
   JOURNAL = {J. Differential Geom.},
  FJOURNAL = {Journal of Differential Geometry},
    VOLUME = {18},
      YEAR = {1983},
    NUMBER = {4},
     PAGES = {575--657 (1984)},
      ISSN = {0022-040X},
     CODEN = {JDGEAS},
   MRCLASS = {58G25 (57R20 58G11)},
  MRNUMBER = {730920 (85d:58083)},
MRREVIEWER = {J{\'o}zef Dodziuk},
}

@article {ChrSin:RCB,
    AUTHOR = {Christensen, Erik and Sinclair, Allan M.},
     TITLE = {Representations of completely bounded multilinear operators},
   JOURNAL = {J. Funct. Anal.},
  FJOURNAL = {Journal of Functional Analysis},
    VOLUME = {72},
      YEAR = {1987},
    NUMBER = {1},
     PAGES = {151--181},
      ISSN = {0022-1236},
     CODEN = {JFUAAW},
   MRCLASS = {46L05 (47A99 47D99)},
  MRNUMBER = {883506 (89f:46113)},
MRREVIEWER = {Autorreferat},
       DOI = {10.1016/0022-1236(87)90084-X},
       URL = {http://dx.doi.org/10.1016/0022-1236(87)90084-X},
}


@article {ChrSin:SCB,
    AUTHOR = {Christensen, Erik and Sinclair, Allan M.},
     TITLE = {A survey of completely bounded operators},
   JOURNAL = {Bull. London Math. Soc.},
  FJOURNAL = {The Bulletin of the London Mathematical Society},
    VOLUME = {21},
      YEAR = {1989},
    NUMBER = {5},
     PAGES = {417--448},
      ISSN = {0024-6093},
     CODEN = {LMSBBT},
   MRCLASS = {46L05 (46-02)},
  MRNUMBER = {1005819 (91b:46051)},
MRREVIEWER = {Vern Paulsen},
       DOI = {10.1112/blms/21.5.417},
       URL = {http://dx.doi.org/10.1112/blms/21.5.417},
}

@book{CodLev:TOD,
    AUTHOR = {Coddington, Earl A. and Levinson, Norman},
     TITLE = {Theory of ordinary differential equations},
 PUBLISHER = {McGraw-Hill Book Company, Inc., New York-Toronto-London},
      YEAR = {1955},
     PAGES = {xii+429},
   MRCLASS = {36.0X},
  MRNUMBER = {0069338 (16,1022b)},
MRREVIEWER = {M. Zl{\'a}mal},
}

@article{Con:AFN,
    AUTHOR = {Connes, A.},
     TITLE = {The action functional in noncommutative geometry},
   JOURNAL = {Comm. Math. Phys.},
  FJOURNAL = {Communications in Mathematical Physics},
    VOLUME = {117},
      YEAR = {1988},
    NUMBER = {4},
     PAGES = {673--683},
      ISSN = {0010-3616},
     CODEN = {CMPHAY},
   MRCLASS = {58G12 (46L87 47B10 47D25 58B30 58G15 81T13)},
  MRNUMBER = {953826 (91b:58246)},
MRREVIEWER = {Jonathan M. Rosenberg},
}


@article {Con:CAG,
    AUTHOR = {Connes, Alain},
     TITLE = {{$C\sp{\ast} $} alg\`ebres et g\'eom\'etrie diff\'erentielle},
   JOURNAL = {C. R. Acad. Sci. Paris S\'er. A-B},
  FJOURNAL = {Comptes Rendus Hebdomadaires des S\'eances de l'Acad\'emie des
              Sciences. S\'eries A et B},
    VOLUME = {290},
      YEAR = {1980},
    NUMBER = {13},
     PAGES = {A599--A604},
      ISSN = {0151-0509},
     CODEN = {CHASAP},
   MRCLASS = {46L55 (53C05 58G12)},
  MRNUMBER = {572645 (81c:46053)},
}


@article{Con:ECC,
    AUTHOR = {Connes, A.},
     TITLE = {Entire cyclic cohomology of {B}anach algebras and characters
              of {$\theta$}-summable {F}redholm modules},
   JOURNAL = {$K$-Theory},
  FJOURNAL = {$K$-Theory. An Interdisciplinary Journal for the Development,
              Application, and Influence of $K$-Theory in the Mathematical
              Sciences},
    VOLUME = {1},
      YEAR = {1988},
    NUMBER = {6},
     PAGES = {519--548},
      ISSN = {0920-3036},
     CODEN = {KTHEEO},
   MRCLASS = {46M20 (16A61 19K56 46H05 46L80 58B15 58G12)},
  MRNUMBER = {MR953915 (90c:46094)},
MRREVIEWER = {Alain Valette},
       DOI = {10.1007/BF00533785},
       URL = {http://dx.doi.org.proxy.lib.ohio-state.edu/10.1007/BF00533785},
}



@article{Con:NDG,
    AUTHOR = {Connes, A.},
     TITLE = {Noncommutative differential geometry},
   JOURNAL = {Inst. Hautes \'Etudes Sci. Publ. Math.},
  FJOURNAL = {Institut des Hautes \'Etudes Scientifiques. Publications
              Math\'ematiques},
    VOLUME = {62},
      YEAR = {1985},
     PAGES = {257--360},
      ISSN = {0073-8301},
     CODEN = {PMIHA6},
   MRCLASS = {58G12 (16A61 18F25 19D55 19K56 46L80 53C99)},
  MRNUMBER = {823176 (87i:58162)},
MRREVIEWER = {Jonathan M. Rosenberg},
}

@book{Con:NG,
    AUTHOR = {Connes, Alain},
     TITLE = {Noncommutative geometry},
 PUBLISHER = {Academic Press Inc.},
   ADDRESS = {San Diego, CA},
      YEAR = {1994},
     PAGES = {xiv+661},
      ISBN = {0-12-185860-X},
   MRCLASS = {46Lxx (19K56 22D25 58B30 58G12 81T13 81V22 81V70)},
  MRNUMBER = {1303779 (95j:46063)},
MRREVIEWER = {John Roe},
}


@article{ConMos:CCN,
    AUTHOR = {Connes, Alain and Moscovici, Henri},
     TITLE = {Cyclic cohomology, the {N}ovikov conjecture and hyperbolic
              groups},
   JOURNAL = {Topology},
  FJOURNAL = {Topology. An International Journal of Mathematics},
    VOLUME = {29},
      YEAR = {1990},
    NUMBER = {3},
     PAGES = {345--388},
      ISSN = {0040-9383},
     CODEN = {TPLGAF},
   MRCLASS = {58G12 (19D55 19K56 46L80 57R20)},
  MRNUMBER = {1066176 (92a:58137)},
MRREVIEWER = {Jeffrey Fox},
}

@article{ConMos:LIF,
lmplabel = {CoMo95},
    AUTHOR = {Connes, A. and Moscovici, H.},
     TITLE = {The local index formula in noncommutative geometry},
   JOURNAL = {Geom. Funct. Anal.},
  FJOURNAL = {Geometric and Functional Analysis},
    VOLUME = {5},
      YEAR = {1995},
    NUMBER = {2},
     PAGES = {174--243},
      ISSN = {1016-443X},
     CODEN = {GFANFB},
   MRCLASS = {58G12 (46L87 58B30)},
  MRNUMBER = {1334867 (96e:58149)},
MRREVIEWER = {Thomas Ackermann},
}

@article{ConMos:TCC,
lmplabel   = {CoMo93},
    AUTHOR = {Connes, Alain and Moscovici, Henri},
     TITLE = {Transgression and the {C}hern character of finite-dimensional
              {$K$}-cycles},
   JOURNAL = {Comm. Math. Phys.},
  FJOURNAL = {Communications in Mathematical Physics},
    VOLUME = {155},
      YEAR = {1993},
    NUMBER = {1},
     PAGES = {103--122},
      ISSN = {0010-3616},
     CODEN = {CMPHAY},
   MRCLASS = {46L80 (19D55 46M20 58G12)},
  MRNUMBER = {1228528 (95a:46091)},
MRREVIEWER = {Alain Valette},
}

@article {CorLab:IIM,
    AUTHOR = {Cordes, H. O. and Labrousse, J. P.},
     TITLE = {The invariance of the index in the metric space of closed
              operators},
   JOURNAL = {J. Math. Mech.},
    VOLUME = {12},
      YEAR = {1963},
     PAGES = {693--719},
   MRCLASS = {47.48},
  MRNUMBER = {0162142 (28 \#5341)},
MRREVIEWER = {J. T. Schwartz},
}

@incollection{Cun:EPC,
    AUTHOR = {Cuntz, Joachim},
     TITLE = {Excision in periodic cyclic theory for topological algebras},
 BOOKTITLE = {Cyclic cohomology and noncommutative geometry ({W}aterloo,
              {ON}, 1995)},
    SERIES = {Fields Inst. Commun.},
    VOLUME = {17},
     PAGES = {43--53},
 PUBLISHER = {Amer. Math. Soc.},
   ADDRESS = {Providence, RI},
      YEAR = {1997},
   MRCLASS = {19D55 (19K56 46H05 46M20)},
  MRNUMBER = {1478700 (99b:19003)},
MRREVIEWER = {Erlend Dahl},
}

@article{CunQui:EPCC,
    AUTHOR = {Cuntz, Joachim and Quillen, Daniel},
     TITLE = {On excision in periodic cyclic cohomology},
   JOURNAL = {C. R. Acad. Sci. Paris S\'er. I Math.},
  FJOURNAL = {Comptes Rendus de l'Acad\'emie des Sciences. S\'erie I.
              Math\'ematique},
    VOLUME = {317},
      YEAR = {1993},
    NUMBER = {10},
     PAGES = {917--922},
      ISSN = {0764-4442},
     CODEN = {CASMEI},
   MRCLASS = {19D55},
  MRNUMBER = {1249360 (94i:19002)},
}


@article{CunQui:EPCCII,
    AUTHOR = {Cuntz, Joachim and Quillen, Daniel},
     TITLE = {On excision in periodic cyclic cohomology. {II}. {T}he general
              case},
   JOURNAL = {C. R. Acad. Sci. Paris S\'er. I Math.},
  FJOURNAL = {Comptes Rendus de l'Acad\'emie des Sciences. S\'erie I.
              Math\'ematique},
    VOLUME = {318},
      YEAR = {1994},
    NUMBER = {1},
     PAGES = {11--12},
      ISSN = {0764-4442},
     CODEN = {CASMEI},
   MRCLASS = {19D55},
  MRNUMBER = {1260526 (94m:19001)},
}

@book {Dix:CA,
    AUTHOR = {Dixmier, Jacques},
     TITLE = {{$C\sp*$}-algebras},
      NOTE = {Translated from the French by Francis Jellett,
              North-Holland Mathematical Library, Vol. 15},
 PUBLISHER = {North-Holland Publishing Co.},
   ADDRESS = {Amsterdam},
      YEAR = {1977},
     PAGES = {xiii+492},
      ISBN = {0-7204-0762-1},
   MRCLASS = {46L05},
  MRNUMBER = {0458185 (56 \#16388)},
}

@article{Dix:ETN,
    AUTHOR = {Dixmier, Jacques},
     TITLE = {Existence de traces non normales},
   JOURNAL = {C. R. Acad. Sci. Paris S\'er. A-B},
    VOLUME = {262},
      YEAR = {1966},
     PAGES = {A1107--A1108},
   MRCLASS = {46.65},
  MRNUMBER = {0196508 (33 \#4695)},
MRREVIEWER = {S. Sakai},
}

@book {Dui:FIO,
    AUTHOR = {Duistermaat, J. J.},
     TITLE = {Fourier integral operators},
    SERIES = {Progress in Mathematics},
    VOLUME = {130},
 PUBLISHER = {Birkh\"auser Boston Inc.},
   ADDRESS = {Boston, MA},
      YEAR = {1996},
     PAGES = {x+142},
      ISBN = {0-8176-3821-0},
   MRCLASS = {58G15 (35S30 47G30 81Q20)},
  MRNUMBER = {1362544 (96m:58245)},
MRREVIEWER = {Alejandro Uribe},
}

@arxiv{GilKraMen:DGR,
	AUTHOR = {Gil, J. and Krainer, T. and Mendoza, G.},
	TITLE  = {Dynamics on {G}rassmannians and resolvents of cone operators},
	arxivid = {arXiv:0907.0023 [math.AP]},
	year = {2009}
}


@article {EffRua:ROB,
    AUTHOR = {Effros, Edward G. and Ruan, Zhong-Jin},
     TITLE = {Representations of operator bimodules and their applications},
   JOURNAL = {J. Operator Theory},
  FJOURNAL = {Journal of Operator Theory},
    VOLUME = {19},
      YEAR = {1988},
    NUMBER = {1},
     PAGES = {137--158},
      ISSN = {0379-4024},
   MRCLASS = {46L05 (46H25 46M20 47D25)},
  MRNUMBER = {950830 (91e:46077)},
MRREVIEWER = {Kenneth R. Davidson},
}

@incollection{Eic:ITG,
    AUTHOR = {Eichhorn, J{\"u}rgen},
     TITLE = {Index theory for generalized {D}irac operators on open
              manifolds},
 BOOKTITLE = {{$C\sp \ast$}-algebras and elliptic theory},
    SERIES = {Trends Math.},
     PAGES = {73--128},
 PUBLISHER = {Birkh\"auser},
   ADDRESS = {Basel},
      YEAR = {2006},
   MRCLASS = {58J20 (58J35)},
  MRNUMBER = {2276916 (2007k:58035)},
MRREVIEWER = {Yuri A. Kordyukov},
       DOI = {10.1007/978-3-7643-7687-1_5},
       URL = {http://dx.doi.org/10.1007/978-3-7643-7687-1_5},
}

@article{FGLS:NRM,
    AUTHOR = {Fedosov, Boris V. and Golse, Fran{\c{c}}ois and Leichtnam,
              Eric and Schrohe, Elmar},
     TITLE = {The noncommutative residue for manifolds with boundary},
   JOURNAL = {J. Funct. Anal.},
  FJOURNAL = {Journal of Functional Analysis},
    VOLUME = {142},
      YEAR = {1996},
    NUMBER = {1},
     PAGES = {1--31},
      ISSN = {0022-1236},
     CODEN = {JFUAAW},
   MRCLASS = {58G15 (47D25 47G30 58G10)},
  MRNUMBER = {1419415 (97h:58157)},
MRREVIEWER = {G. V. Rozenblyum},
       DOI = {10.1006/jfan.1996.0142},
       URL = {http://dx.doi.org/10.1006/jfan.1996.0142},
}

@article{FMPS:UPZ,
    AUTHOR = {Falomir, H. and Muschietti, M. A. and Pisani, P. A. G. and
              Seeley, R.},
     TITLE = {Unusual poles of the {$\zeta$}-functions for some regular
              singular differential operators},
   JOURNAL = {J. Phys. A},
  FJOURNAL = {Journal of Physics. A. Mathematical and General},
    VOLUME = {36},
      YEAR = {2003},
    NUMBER = {39},
     PAGES = {9991--10010},
      ISSN = {0305-4470},
     CODEN = {JPHAC5},
   MRCLASS = {58J52 (11M41 34L40 47E05 81T16)},
  MRNUMBER = {2024508 (2004k:58049)},
MRREVIEWER = {Emili Elizalde},
       DOI = {10.1088/0305-4470/36/39/302},
       URL = {http://dx.doi.org/10.1088/0305-4470/36/39/302},
}

@article{FulKen:RPG,
    AUTHOR = {Fulling, S. A. and Kennedy, G.},
  lmplabel = {FulKen88},
     TITLE = {The resolvent parametrix of the general elliptic linear
              differential operator: a closed form for the intrinsic symbol},
   JOURNAL = {Trans. Amer. Math. Soc.},
  FJOURNAL = {Transactions of the American Mathematical Society},
    VOLUME = {310},
      YEAR = {1988},
    NUMBER = {2},
     PAGES = {583--617},
      ISSN = {0002-9947},
     CODEN = {TAMTAM},
   MRCLASS = {58G15 (35J30 35S05)},
  MRNUMBER = {973171 (90b:58260)},
MRREVIEWER = {G. Albinus},
}

@article{GaaGru:LSP,
    AUTHOR = {Gaarde, Anders and Grubb, Gerd},
     TITLE = {Logarithms and sectorial projections for elliptic boundary
              problems},
   JOURNAL = {Math. Scand.},
  FJOURNAL = {Mathematica Scandinavica},
    VOLUME = {103},
      YEAR = {2008},
    NUMBER = {2},
     PAGES = {243--277},
      ISSN = {0025-5521},
     CODEN = {MTSCAN},
   MRCLASS = {58J32 (35R01 35S15 47G30 58J37 58J42)},
  MRNUMBER = {2484354 (2010f:58029)},
MRREVIEWER = {Thomas Krainer},
   arxivid = {arXiv:0703878v2 [math.AP]} ,
}


@article {Gaf:CPH,
    AUTHOR = {Gaffney, Matthew P.},
     TITLE = {The conservation property of the heat equation on {R}iemannian
              manifolds. },
   JOURNAL = {Comm. Pure Appl. Math.},
  FJOURNAL = {Communications on Pure and Applied Mathematics},
    VOLUME = {12},
      YEAR = {1959},
     PAGES = {1--11},
      ISSN = {0010-3640},
   MRCLASS = {53.00 (35.00)},
  MRNUMBER = {0102097 (21 \#892)},
MRREVIEWER = {J. J. Kohn},
}

@article {GesEtAl:IFS,
    AUTHOR = {Gesztesy, Fritz and Latushkin, Yuri and Makarov, Konstantin A.
              and Sukochev, Fedor and Tomilov, Yuri},
     TITLE = {The index formula and the spectral shift function for
              relatively trace class perturbations},
   JOURNAL = {Adv. Math.},
  FJOURNAL = {Advances in Mathematics},
    VOLUME = {227},
      YEAR = {2011},
    NUMBER = {1},
     PAGES = {319--420},
      ISSN = {0001-8708},
     CODEN = {ADMTA4},
   MRCLASS = {47A55 (47A53 47B25 58J30)},
  MRNUMBER = {2782197},
}


@incollection{Get:CHA,
    AUTHOR = {Getzler, Ezra},
     TITLE = {Cyclic homology and the {A}tiyah-{P}atodi-{S}inger index
              theorem},
 BOOKTITLE = {Index theory and operator algebras ({B}oulder, {CO}, 1991)},
    SERIES = {Contemp. Math.},
    VOLUME = {148},
     PAGES = {19--45},
 PUBLISHER = {Amer. Math. Soc.},
   ADDRESS = {Providence, RI},
      YEAR = {1993},
   MRCLASS = {58G12 (19D55 19K56 46L80 46L87 58B30)},
  MRNUMBER = {1228498 (94j:58162)},
MRREVIEWER = {Jeffrey Fox},
}


@article{Get:OCC,
    AUTHOR = {Getzler, Ezra},
     TITLE = {The odd {C}hern character in cyclic homology and spectral
              flow},
   JOURNAL = {Topology},
  FJOURNAL = {Topology. An International Journal of Mathematics},
    VOLUME = {32},
      YEAR = {1993},
    NUMBER = {3},
     PAGES = {489--507},
      ISSN = {0040-9383},
     CODEN = {TPLGAF},
   MRCLASS = {46L85 (19K56 46L80 58G12)},
  MRNUMBER = {1231957 (95c:46118)},
MRREVIEWER = {Xian-Zhe Dai},
}



@article{Get:POS,
    AUTHOR = {Getzler, Ezra},
     TITLE = {Pseudodifferential operators on supermanifolds and the
              {A}tiyah-{S}inger index theorem},
   JOURNAL = {Comm. Math. Phys.},
  FJOURNAL = {Communications in Mathematical Physics},
    VOLUME = {92},
      YEAR = {1983},
    NUMBER = {2},
     PAGES = {163--178},
      ISSN = {0010-3616},
     CODEN = {CMPHAY},
   MRCLASS = {58G15 (35S05 58G10)},
  MRNUMBER = {728863 (86a:58104)},
MRREVIEWER = {Andreas Nestke},
}



@article{GetSze:CCT,
    AUTHOR = {Getzler, Ezra and Szenes, Andr{\'a}s},
     TITLE = {On the {C}hern character of a theta-summable {F}redholm
              module},
   JOURNAL = {J. Funct. Anal.},
  FJOURNAL = {Journal of Functional Analysis},
    VOLUME = {84},
      YEAR = {1989},
    NUMBER = {2},
     PAGES = {343--357},
      ISSN = {0022-1236},
     CODEN = {JFUAAW},
   MRCLASS = {19K56 (19D55 46H25 46L80 46M20 58G12)},
  MRNUMBER = {1001465 (91g:19007)},
MRREVIEWER = {Alain Valette},
}

@book{Gil:ITH,
    AUTHOR = {Gilkey, Peter B.},
     TITLE = {Invariance theory, the heat equation, and the
              {A}tiyah-{S}inger index theorem},
    SERIES = {Studies in Advanced Mathematics},
   EDITION = {Second},
 PUBLISHER = {CRC Press},
   ADDRESS = {Boca Raton, FL},
      YEAR = {1995},
     PAGES = {x+516},
      ISBN = {0-8493-7874-4},
   MRCLASS = {58Gxx (58G10 58G11)},
  MRNUMBER = {1396308 (98b:58156)},
MRREVIEWER = {Matthias Lesch},
}

@book{GraVarFig:ENG,
    AUTHOR = {Gracia-Bond{\'{\i}}a, Jos{\'e} M. and V{\'a}rilly, Joseph C.
              and Figueroa, H{\'e}ctor},
     TITLE = {Elements of noncommutative geometry},
    SERIES = {Birkh\"auser Advanced Texts: Basler Lehrb\"ucher.
              [Birkh\"auser Advanced Texts: Basel Textbooks]},
 PUBLISHER = {Birkh\"auser Boston Inc.},
   ADDRESS = {Boston, MA},
      YEAR = {2001},
     PAGES = {xviii+685},
      ISBN = {0-8176-4124-6},
   MRCLASS = {58J42 (46L87 58B34 81R60 81T75)},
  MRNUMBER = {1789831 (2001h:58038)},
MRREVIEWER = {Alan L. Carey},
}

@book{GriSjo:MAD,
    AUTHOR = {Grigis, Alain and Sj{\"o}strand, Johannes},
     TITLE = {Microlocal analysis for differential operators},
    SERIES = {London Mathematical Society Lecture Note Series},
    VOLUME = {196},
      NOTE = {An introduction},
 PUBLISHER = {Cambridge University Press},
   ADDRESS = {Cambridge},
      YEAR = {1994},
     PAGES = {iv+151},
      ISBN = {0-521-44986-3},
   MRCLASS = {35A27 (35Sxx 58G07 58G15 58G17)},
  MRNUMBER = {1269107 (95d:35009)},
MRREVIEWER = {Vesselin M. Petkov},
}

@incollection{Gru:RAT,
    AUTHOR = {Grubb, Gerd},
     TITLE = {A resolvent approach to traces and zeta {L}aurent expansions},
 BOOKTITLE = {Spectral geometry of manifolds with boundary and decomposition
              of manifolds},
    SERIES = {Contemp. Math.},
    VOLUME = {366},
     PAGES = {67--93},
 PUBLISHER = {Amer. Math. Soc.},
   ADDRESS = {Providence, RI},
      YEAR = {2005},
   MRCLASS = {58J52 (58J35 58J42)},
  MRNUMBER = {2114484 (2006f:58042)},
}

@article{Gru:TEP,
    AUTHOR = {Grubb, Gerd},
     TITLE = {Trace expansions for pseudodifferential boundary problems for
              {D}irac-type operators and more general systems},
   JOURNAL = {Ark. Mat.},
  FJOURNAL = {Arkiv f\"or Matematik},
    VOLUME = {37},
      YEAR = {1999},
    NUMBER = {1},
     PAGES = {45--86},
      ISSN = {0004-2080},
     CODEN = {AKMTAJ},
   MRCLASS = {35S15 (35C20 47G30 58J32 58J40)},
  MRNUMBER = {1673426 (2000c:35265)},
MRREVIEWER = {Denise Huet},
       DOI = {10.1007/BF02384828},
       URL = {http://dx.doi.org/10.1007/BF02384828},
}


@article{GruSee:WPP,
    AUTHOR = {Grubb, Gerd and Seeley, Robert T.},
     TITLE = {Weakly parametric pseudodifferential operators and
              {A}tiyah-{P}atodi-{S}inger boundary problems},
   JOURNAL = {Invent. Math.},
  FJOURNAL = {Inventiones Mathematicae},
    VOLUME = {121},
      YEAR = {1995},
    NUMBER = {3},
     PAGES = {481--529},
      ISSN = {0020-9910},
     CODEN = {INVMBH},
   MRCLASS = {58G15 (35S05 47G30)},
  MRNUMBER = {1353307 (96k:58216)},
MRREVIEWER = {Boris A. Plamenevsky},
}

@article{Gui:NPW,
    AUTHOR = {Guillemin, Victor},
     TITLE = {A new proof of {W}eyl's formula on the asymptotic distribution
              of eigenvalues},
   JOURNAL = {Adv. in Math.},
  FJOURNAL = {Advances in Mathematics},
    VOLUME = {55},
      YEAR = {1985},
    NUMBER = {2},
     PAGES = {131--160},
      ISSN = {0001-8708},
     CODEN = {ADMTA4},
   MRCLASS = {58G25 (35P20 47B99)},
  MRNUMBER = {772612 (86i:58135)},
MRREVIEWER = {P. G{\"u}nther},
}

@article{Gui:RTFIO,
    AUTHOR = {Guillemin, V.},
     TITLE = {Residue traces for certain algebras of {F}ourier integral
              operators},
   JOURNAL = {J. Funct. Anal.},
  FJOURNAL = {Journal of Functional Analysis},
    VOLUME = {115},
      YEAR = {1993},
    NUMBER = {2},
     PAGES = {391--417},
      ISSN = {0022-1236},
     CODEN = {JFUAAW},
   MRCLASS = {58G15 (35S30 47D25 47G30)},
  MRNUMBER = {1234397 (95a:58123)},
MRREVIEWER = {Alejandro Uribe},
       DOI = {10.1006/jfan.1993.1096},
       URL = {http://dx.doi.org/10.1006/jfan.1993.1096},
}

@article{Gul:UOH,
    AUTHOR = {Gulja{\v{s}}, Boris},
     TITLE = {Unbounded operators on {H}ilbert {$C\sp *$}-modules over
              {$C\sp *$}-algebras of compact operators},
   JOURNAL = {J. Operator Theory},
  FJOURNAL = {Journal of Operator Theory},
    VOLUME = {59},
      YEAR = {2008},
    NUMBER = {1},
     PAGES = {179--192},
      ISSN = {0379-4024},
   MRCLASS = {46L08 (47B48 47C05)},
  MRNUMBER = {2404469 (2010d:46079)},
MRREVIEWER = {Vladimir Manuilov},
}


@book {HalSun:BIO,
    AUTHOR = {Halmos, Paul Richard and Sunder, Viakalathur Shankar},
     TITLE = {Bounded integral operators on {$L\sp{2}$} spaces},
    SERIES = {Ergebnisse der Mathematik und ihrer Grenzgebiete [Results in
              Mathematics and Related Areas]},
    VOLUME = {96},
 PUBLISHER = {Springer-Verlag},
   ADDRESS = {Berlin},
      YEAR = {1978},
     PAGES = {xv+132},
      ISBN = {3-540-08894-6},
   MRCLASS = {47B38 (47G05)},
  MRNUMBER = {517709 (80g:47036)},
MRREVIEWER = {W. A. J. Luxemburg},
}


@article{Her:CVS,
    AUTHOR = {Hersch, Joseph},
     TITLE = {Caract\'erisation variationnelle d'une somme de valeurs
              propres cons\'ecutives; g\'en\'eralisation d'in\'egalit\'es de
              {P}\'olya-{S}chiffer et de {W}eyl},
   JOURNAL = {C. R. Acad. Sci. Paris},
    VOLUME = {252},
      YEAR = {1961},
     PAGES = {1714--1716},
   MRCLASS = {35.80},
  MRNUMBER = {0126065 (23 \#A3362)},
MRREVIEWER = {H. F. Weinberger},
}

@arxiv{KonVis:DEP,
    AUTHOR = {Kontsevich, Maxim and Vishik, Simeon},
     TITLE = {Determinants of elliptic pseudo-differential operators},
    arxivid={arXiv:9404046 [hep-th]},
      year = {1994}
}

@article{Her:IVP,
    AUTHOR = {Hersch, Joseph},
     TITLE = {In\'egalit\'es pour des valeurs propres cons\'ecutives de
              syst\`emes vibrants inhomog\`enes allant ``en sens inverse''
              de celles de {P}\'olya-{S}chiffer et de {W}eyl},
   JOURNAL = {C. R. Acad. Sci. Paris},
    VOLUME = {252},
      YEAR = {1961},
     PAGES = {2496--2498},
   MRCLASS = {47.90 (35.80)},
  MRNUMBER = {0123908 (23 \#A1229)},
MRREVIEWER = {H. F. Weinberger},
}

@incollection{Hig:RIT,
    AUTHOR = {Higson, Nigel},
     TITLE = {The residue index theorem of {C}onnes and {M}oscovici},
 BOOKTITLE = {Surveys in noncommutative geometry},
    SERIES = {Clay Math. Proc.},
    VOLUME = {6},
     PAGES = {71--126},
 PUBLISHER = {Amer. Math. Soc.},
   ADDRESS = {Providence, RI},
      YEAR = {2006},
   MRCLASS = {58J22 (19K56 58J42)},
  MRNUMBER = {2277669 (2008b:58028)},
MRREVIEWER = {Evgeni{\u\i} V. Troitski{\u\i}},
}

@book{HigRoe:AKH,
    AUTHOR = {Higson, Nigel and Roe, John},
     TITLE = {Analytic {$K$}-homology},
    SERIES = {Oxford Mathematical Monographs},
      NOTE = {Oxford Science Publications},
 PUBLISHER = {Oxford University Press},
   ADDRESS = {Oxford},
      YEAR = {2000},
     PAGES = {xviii+405},
      ISBN = {0-19-851176-0},
   MRCLASS = {58J22 (19D55 19K33 19K35 19K56 46L80 58J20)},
  MRNUMBER = {1817560 (2002c:58036)},
MRREVIEWER = {Yuri A. Kordyukov},
}

@article{Hof:RAC,
    AUTHOR = {Hofmann, Karl Heinrich},
     TITLE = {Representations of algebras by continuous sections},
   JOURNAL = {Bull. Amer. Math. Soc.},
  FJOURNAL = {Bulletin of the American Mathematical Society},
    VOLUME = {78},
      YEAR = {1972},
     PAGES = {291--373},
      ISSN = {0002-9904},
   MRCLASS = {16A80 (06A70 46H15)},
  MRNUMBER = {0347915 (50 \#415)},
MRREVIEWER = {J. Kist},
}

@book{Hor:ALPI,
    AUTHOR = {H{\"o}rmander, Lars},
     TITLE = {The analysis of linear partial differential operators. {I}},
    SERIES = {Classics in Mathematics},
      NOTE = {Distribution theory and Fourier analysis,
              Reprint of the second (1990) edition [Springer, Berlin;
              MR1065993 (91m:35001a)]},
 PUBLISHER = {Springer-Verlag},
   ADDRESS = {Berlin},
      YEAR = {2003},
     PAGES = {x+440},
      ISBN = {3-540-00662-1},
   MRCLASS = {35-02},
  MRNUMBER = {1996773},
}

@book{Hor:ALPIII,
    AUTHOR = {H{\"o}rmander, Lars},
     TITLE = {The analysis of linear partial differential operators. {III}},
    SERIES = {Classics in Mathematics},
      NOTE = {Pseudo-differential operators,
              Reprint of the 1994 edition},
 PUBLISHER = {Springer},
   ADDRESS = {Berlin},
      YEAR = {2007},
     PAGES = {viii+525},
      ISBN = {978-3-540-49937-4},
   MRCLASS = {35-02 (35Sxx 47F05 47G30 58J40)},
  MRNUMBER = {2304165 (2007k:35006)},
}

@article{Hor:FIOI,
    AUTHOR = {H{\"o}rmander, Lars},
     TITLE = {Fourier integral operators. {I}},
   JOURNAL = {Acta Math.},
  FJOURNAL = {Acta Mathematica},
    VOLUME = {127},
      YEAR = {1971},
    NUMBER = {1-2},
     PAGES = {79--183},
      ISSN = {0001-5962},
   MRCLASS = {58G15 (35S05 47G05)},
  MRNUMBER = {0388463 (52 \#9299)},
MRREVIEWER = {Ju. V. Egorov},
}

@article{JLO:QKT,
    AUTHOR = {Jaffe, Arthur and Lesniewski, Andrzej and Osterwalder, Konrad},
     TITLE = {Quantum {$K$}-theory. {I}. {T}he {C}hern character},
   JOURNAL = {Comm. Math. Phys.},
  FJOURNAL = {Communications in Mathematical Physics},
    VOLUME = {118},
      YEAR = {1988},
    NUMBER = {1},
     PAGES = {1--14},
      ISSN = {0010-3616},
     CODEN = {CMPHAY},
   MRCLASS = {58G12 (19K99 46L80 58B20 58D05 81D99)},
  MRNUMBER = {954672 (90a:58170)},
MRREVIEWER = {Thierry Fack},
}

@article{KLP:EEP,
    AUTHOR = {Kirsten, Klaus and Loya, Paul and Park, Jinsung},
     TITLE = {Exotic expansions and pathological properties of
              {$\zeta$}-functions on conic manifolds, \textup{with an appendix by B. Vertman}},
   JOURNAL = {J. Geom. Anal.},
  FJOURNAL = {Journal of Geometric Analysis},
    VOLUME = {18},
      YEAR = {2008},
    NUMBER = {3},
     PAGES = {835--888},
      ISSN = {1050-6926},
   MRCLASS = {58J52 (35P05)},
  MRNUMBER = {2420767 (2009j:58051)},
MRREVIEWER = {Thomas Krainer},
}

@article{KLP:FDG,
    AUTHOR = {Kirsten, Klaus and Loya, Paul and Park, Jinsung},
     TITLE = {Functional determinants for general self-adjoint extensions of
              {L}aplace-type operators resulting from the generalized cone},
   JOURNAL = {Manuscripta Math.},
  FJOURNAL = {Manuscripta Mathematica},
    VOLUME = {125},
      YEAR = {2008},
    NUMBER = {1},
     PAGES = {95--126},
      ISSN = {0025-2611},
     CODEN = {MSMHB2},
   MRCLASS = {58J52},
  MRNUMBER = {2357751 (2009h:58073)},
}

@arxiv{LesMosPfl:CCC,
 AUTHOR = {Lesch, Matthias and Moscovici, Henri and Pflaum, Markus J.},
     TITLE = {{C}onnes-{C}hern character for manifolds with boundary and eta cochains},
     year = 2010,
     arxivid = {arXiv:0912.0194 [math.OA]},
 howpublished = {Mem. Amer. Math. Soc. (to appear)}
}
     
@article{KLP:UPR,
    AUTHOR = {Kirsten, Klaus and Loya, Paul and Park, Jinsung},
     TITLE = {The very unusual properties of the resolvent, heat kernel, and
              zeta function for the operator {$-d\sp 2/dr\sp 2-1/(4r\sp
              2)$}},
   JOURNAL = {J. Math. Phys.},
  FJOURNAL = {Journal of Mathematical Physics},
    VOLUME = {47},
      YEAR = {2006},
    NUMBER = {4},
     PAGES = {043506, 27},
      ISSN = {0022-2488},
     CODEN = {JMAPAQ},
   MRCLASS = {58J52 (34L40 47B25 58J35)},
  MRNUMBER = {2226343 (2007c:58050)},
MRREVIEWER = {Tatyana E. Foth},
}

@misc{KaaLes:SFU,
   author = {Kaad, Jens and Lesch, Matthias},
   title  = {Spectral flow and the unbounded {K}asparov product},
   howpublished = {work in progress}
}

@article{KalWal:GNC,
    AUTHOR = {Kalau, W. and Walze, M.},
     TITLE = {Gravity, non-commutative geometry and the {W}odzicki residue},
   JOURNAL = {J. Geom. Phys.},
  FJOURNAL = {Journal of Geometry and Physics},
    VOLUME = {16},
      YEAR = {1995},
    NUMBER = {4},
     PAGES = {327--344},
      ISSN = {0393-0440},
     CODEN = {JGPHE5},
   MRCLASS = {58B30 (46L87 58G11 81V17 83C45)},
  MRNUMBER = {1336738 (96c:58016)},
MRREVIEWER = {Thomas Ackermann},
}


@article{Kap:MOA,
    AUTHOR = {Kaplansky, Irving},
     TITLE = {Modules over operator algebras},
   JOURNAL = {Amer. J. Math.},
  FJOURNAL = {American Journal of Mathematics},
    VOLUME = {75},
      YEAR = {1953},
     PAGES = {839--858},
      ISSN = {0002-9327},
   MRCLASS = {46.3X},
  MRNUMBER = {0058137 (15,327f)},
MRREVIEWER = {J. Dixmier},
}

@article{Kas:DOG,
    AUTHOR = {Kastler, Daniel},
     TITLE = {The {D}irac operator and gravitation},
   JOURNAL = {Comm. Math. Phys.},
  FJOURNAL = {Communications in Mathematical Physics},
    VOLUME = {166},
      YEAR = {1995},
    NUMBER = {3},
     PAGES = {633--643},
      ISSN = {0010-3616},
     CODEN = {CMPHAY},
   MRCLASS = {58G40 (58B30 83C99)},
  MRNUMBER = {1312438 (95j:58181)},
MRREVIEWER = {Andrzej Sitarz},
}

@article{Kas:HCM,
    AUTHOR = {Kasparov, G. G.},
     TITLE = {Hilbert {$C\sp{\ast} $}-modules: theorems of {S}tinespring and
              {V}oiculescu},
   JOURNAL = {J. Operator Theory},
  FJOURNAL = {Journal of Operator Theory},
    VOLUME = {4},
      YEAR = {1980},
    NUMBER = {1},
     PAGES = {133--150},
      ISSN = {0379-4024},
   MRCLASS = {46L05 (46M20)},
  MRNUMBER = {587371 (82b:46074)},
MRREVIEWER = {J. W. Bunce},
}

@arxiv{Manetal:SFC,
  AUTHOR = {Manchon, D. and Maeda, Y. and Paycha, S.},
  TITLE  = {Stokes' formulae on classical symbol valued forms and applications},
  arxivid = {arXiv:0510454 [math.DG]},
  year   = {2005},
}

@article{Kas:OKF,
    AUTHOR = {Kasparov, G. G.},
     TITLE = {The operator {$K$}-functor and extensions of {$C\sp{\ast}
              $}-algebras},
   JOURNAL = {Izv. Akad. Nauk SSSR Ser. Mat.},
  FJOURNAL = {Izvestiya Akademii Nauk SSSR. Seriya Matematicheskaya},
    VOLUME = {44},
      YEAR = {1980},
    NUMBER = {3},
     PAGES = {571--636, 719},
      ISSN = {0373-2436},
   MRCLASS = {58G12 (46M20 55N15)},
  MRNUMBER = {582160 (81m:58075)},
MRREVIEWER = {V. Cruceanu},
}


@book{Kat:PTL,
    AUTHOR = {Kato, Tosio},
     TITLE = {Perturbation theory for linear operators},
    SERIES = {Classics in Mathematics},
      NOTE = {Reprint of the 1980 edition},
 PUBLISHER = {Springer-Verlag},
   ADDRESS = {Berlin},
      YEAR = {1995},
     PAGES = {xxii+619},
      ISBN = {3-540-58661-X},
   MRCLASS = {47A55 (46-00 47-00)},
  MRNUMBER = {1335452 (96a:47025)},
}

@article{KirLes:EIM,
    AUTHOR = {Kirk, Paul and Lesch, Matthias},
     TITLE = {The {$\eta$}-invariant, {M}aslov index, and spectral flow for
              {D}irac-type operators on manifolds with boundary},
   JOURNAL = {Forum Math.},
  FJOURNAL = {Forum Mathematicum},
    VOLUME = {16},
      YEAR = {2004},
    NUMBER = {4},
     PAGES = {553--629},
      ISSN = {0933-7741},
     CODEN = {FOMAEF},
   MRCLASS = {58J28 (58J30 58J32)},
  MRNUMBER = {2044028 (2005b:58029)},
MRREVIEWER = {Thomas Schick},
  arxivid  = {arXiv:0012123 [math.DG]}
}

@incollection{KonVis:GDE,
    AUTHOR = {Kontsevich, Maxim and Vishik, Simeon},
     TITLE = {Geometry of determinants of elliptic operators},
 BOOKTITLE = {Functional analysis on the eve of the 21st century, {V}ol.\ 1
              ({N}ew {B}runswick, {NJ}, 1993)},
    SERIES = {Progr. Math.},
    VOLUME = {131},
     PAGES = {173--197},
 PUBLISHER = {Birkh\"auser Boston},
   ADDRESS = {Boston, MA},
      YEAR = {1995},
   MRCLASS = {58G26 (58G15)},
  MRNUMBER = {1373003 (96m:58264)},
MRREVIEWER = {Leonid Friedlander},
arxivid = {arXiv:9406140 [hep-th]},
}

@article{Kuc:FCR,
    AUTHOR = {Kucerovsky, Dan},
     TITLE = {Functional calculus and representations of {$C\sb 0(\Bbb C)$}
              on a {H}ilbert module},
   JOURNAL = {Q. J. Math.},
  FJOURNAL = {The Quarterly Journal of Mathematics},
    VOLUME = {53},
      YEAR = {2002},
    NUMBER = {4},
     PAGES = {467--477},
      ISSN = {0033-5606},
   MRCLASS = {46L08 (47A60)},
  MRNUMBER = {1949157 (2003j:46086)},
MRREVIEWER = {Bojan P. Magajna},
       DOI = {10.1093/qjmath/53.4.467},
       URL = {http://dx.doi.org/10.1093/qjmath/53.4.467},
}

@article{Kuc:KKP,
    AUTHOR = {Kucerovsky, Dan},
     TITLE = {The {$KK$}-product of unbounded modules},
   JOURNAL = {$K$-Theory},
  FJOURNAL = {$K$-Theory. An Interdisciplinary Journal for the Development,
              Application, and Influence of $K$-Theory in the Mathematical
              Sciences},
    VOLUME = {11},
      YEAR = {1997},
    NUMBER = {1},
     PAGES = {17--34},
      ISSN = {0920-3036},
     CODEN = {KTHEEO},
   MRCLASS = {19K35 (19K56 46L80 58G12)},
  MRNUMBER = {1435704 (98k:19007)},
MRREVIEWER = {Yuri A. Kordyukov},
       DOI = {10.1023/A:1007751017966},
       URL = {http://dx.doi.org/10.1023/A:1007751017966},
}

@book{Lan:HCM,
    AUTHOR = {Lance, E. C.},
     TITLE = {Hilbert {$C\sp *$}-modules},
    SERIES = {London Mathematical Society Lecture Note Series},
    VOLUME = {210},
      NOTE = {A toolkit for operator algebraists},
 PUBLISHER = {Cambridge University Press},
   ADDRESS = {Cambridge},
      YEAR = {1995},
     PAGES = {x+130},
      ISBN = {0-521-47910-X},
   MRCLASS = {46L05 (46H25 46K05 46L80 46M05 47D25)},
  MRNUMBER = {1325694 (96k:46100)},
MRREVIEWER = {Robert S. Doran},
       DOI = {10.1017/CBO9780511526206},
       URL = {http://dx.doi.org/10.1017/CBO9780511526206},
}


@book{LawMic:SG,
    AUTHOR = {Lawson, Jr., H. Blaine and Michelsohn, Marie-Louise},
     TITLE = {Spin geometry},
    SERIES = {Princeton Mathematical Series},
    VOLUME = {38},
 PUBLISHER = {Princeton University Press},
   ADDRESS = {Princeton, NJ},
      YEAR = {1989},
     PAGES = {xii+427},
      ISBN = {0-691-08542-0},
   MRCLASS = {53-02 (53A50 53C20 57R75 58G10)},
  MRNUMBER = {1031992 (91g:53001)},
MRREVIEWER = {N. J. Hitchin},
}

@book{Lax:LA,
    AUTHOR = {Lax, Peter D.},
     TITLE = {Linear algebra},
    SERIES = {Pure and Applied Mathematics (New York)},
      NOTE = {A Wiley-Interscience Publication},
 PUBLISHER = {John Wiley \& Sons Inc.},
   ADDRESS = {New York},
      YEAR = {1997},
     PAGES = {xvi+250},
      ISBN = {0-471-11111-2},
   MRCLASS = {15-01 (47-01)},
  MRNUMBER = {1423602 (99c:15001)},
}

@article{Les:DRS,
    AUTHOR = {Lesch, Matthias},
     TITLE = {Determinants of regular singular {S}turm-{L}iouville
              operators},
   JOURNAL = {Math. Nachr.},
  FJOURNAL = {Mathematische Nachrichten},
    VOLUME = {194},
      YEAR = {1998},
     PAGES = {139--170},
      ISSN = {0025-584X},
   MRCLASS = {58G26 (34B24 34L40)},
  MRNUMBER = {1653090 (99j:58220)},
MRREVIEWER = {Leonid Friedlander},
}

@arxiv{Pay:NRC,
  AUTHOR  = {Paycha, Sylvie},
  TITLE   = {The noncommutative residue and canonical trace in the light of {S}tokes' and continuity properties},
  arxivid = {arXiv:0706.2552 [math.OA]}, 
  year    = {2007},
}

@article{Les:NRP,
    AUTHOR = {Lesch, Matthias},
     TITLE = {On the noncommutative residue for pseudodifferential operators
              with log-polyhomogeneous symbols},
   JOURNAL = {Ann. Global Anal. Geom.},
  FJOURNAL = {Annals of Global Analysis and Geometry},
    VOLUME = {17},
      YEAR = {1999},
    NUMBER = {2},
     PAGES = {151--187},
      ISSN = {0232-704X},
     CODEN = {AGAGDV},
   MRCLASS = {58J42 (35S05 47G30 58J40)},
  MRNUMBER = {1675408 (2000b:58050)},
MRREVIEWER = {Elmar Schrohe},
arxivid = {arXiv:9708010 [dg-ga]}
}

@book{Les:OFT,
    AUTHOR = {Lesch, Matthias},
     TITLE = {Operators of {F}uchs type, conical singularities, and
              asymptotic methods},
    SERIES = {Teubner-Texte zur Mathematik [Teubner Texts in Mathematics]},
    VOLUME = {136},
 PUBLISHER = {B. G. Teubner Verlagsgesellschaft mbH},
   ADDRESS = {Stuttgart},
      YEAR = {1997},
     PAGES = {190},
      ISBN = {3-8154-2097-0},
   MRCLASS = {58G11 (35Q99 47B25 47F05 47G30 58G10 58G18)},
  MRNUMBER = {1449639 (98d:58174)},
MRREVIEWER = {John Roe},
 arxivid   = {arXiv:dg-ga/9607005v1}
}


@incollection{Les:PDO,
    AUTHOR = {Lesch, Matthias},
     TITLE = {Pseudodifferential operators and regularized traces},
 BOOKTITLE = {Motives, quantum field theory, and pseudodifferential
              operators},
    SERIES = {Clay Math. Proc.},
    VOLUME = {12},
     PAGES = {37--72},
 PUBLISHER = {Amer. Math. Soc.},
   ADDRESS = {Providence, RI},
      YEAR = {2010},
   MRCLASS = {58J42 (47G30 58J35 58J40)},
  MRNUMBER = {2762524},
 arxivid={arXiv:0901.1689 [math.OA]},
}

@incollection{Les:USF,
    AUTHOR = {Lesch, Matthias},
     TITLE = {The uniqueness of the spectral flow on spaces of unbounded
              self-adjoint {F}redholm operators},
 BOOKTITLE = {Spectral geometry of manifolds with boundary and decomposition
              of manifolds},
    SERIES = {Contemp. Math.},
    VOLUME = {366},
     PAGES = {193--224},
 PUBLISHER = {Amer. Math. Soc.},
   ADDRESS = {Providence, RI},
      YEAR = {2005},
   MRCLASS = {58J30 (19K56 47A53 47L10)},
  MRNUMBER = {2114489 (2005m:58049)},
MRREVIEWER = {Thomas Schick},
arxivid   = {arXiv:0401411 [math.FA]},
}

@article{LesMosPfl:RPC,
    AUTHOR = {Lesch, Matthias and Moscovici, Henri and Pflaum, Markus J.},
     TITLE = {Relative pairing in cyclic cohomology and divisor flows},
   JOURNAL = {J. K-Theory},
  FJOURNAL = {Journal of K-Theory. K-Theory and its Applications in Algebra,
              Geometry, Analysis \& Topology},
    VOLUME = {3},
      YEAR = {2009},
    NUMBER = {2},
     PAGES = {359--407},
      ISSN = {1865-2433},
   MRCLASS = {58J42 (46L80 58J40)},
  MRNUMBER = {2496452},
   arxivid ={arXiv:0603500 [math.KT]},
}

@incollection{LesMosPfl:RTK,
    AUTHOR = {Lesch, Matthias and Moscovici, Henri and Pflaum, Markus J.},
     TITLE = {Regularized traces and {$K$}-theory invariants of parametric
              pseudodifferential operators},
 BOOKTITLE = {Traces in number theory, geometry and quantum fields},
    SERIES = {Aspects Math., E38},
     PAGES = {161--177},
 PUBLISHER = {Friedr. Vieweg, Wiesbaden},
      YEAR = {2008},
   MRCLASS = {58Jxx (19K56 46L80 47G30)},
  MRNUMBER = {2427595},
  arxivid  = {www.matthiaslesch.de publications}
}

@article{LesPfl:TAP,
    AUTHOR = {Lesch, Matthias and Pflaum, Markus J.},
     TITLE = {Traces on algebras of parameter dependent pseudodifferential
              operators and the eta-invariant},
   JOURNAL = {Trans. Amer. Math. Soc.},
  FJOURNAL = {Transactions of the American Mathematical Society},
    VOLUME = {352},
      YEAR = {2000},
    NUMBER = {11},
     PAGES = {4911--4936},
      ISSN = {0002-9947},
     CODEN = {TAMTAM},
   MRCLASS = {58J42 (35S05 47G30 58J28 58J40)},
  MRNUMBER = {1661258 (2001b:58042)},
MRREVIEWER = {Thomas Ackermann},
   arxivid = {arXiv:math/9804136 },
}

@article{LesTol:DOD,
    AUTHOR = {Lesch, Matthias and Tolksdorf, J{\"u}rgen},
     TITLE = {On the determinant of one-dimensional elliptic boundary value
              problems},
   JOURNAL = {Comm. Math. Phys.},
  FJOURNAL = {Communications in Mathematical Physics},
    VOLUME = {193},
      YEAR = {1998},
    NUMBER = {3},
     PAGES = {643--660},
      ISSN = {0010-3616},
     CODEN = {CMPHAY},
   MRCLASS = {58J52 (58J32)},
  MRNUMBER = {1624851 (2000b:58060)},
MRREVIEWER = {Patrick T. McDonald},
       DOI = {10.1007/s002200050342},
       URL = {http://dx.doi.org/10.1007/s002200050342},
}

@article{LescPay:UMDEP,
    AUTHOR = {Lescure, Jean-Marie and Paycha, Sylvie},
     TITLE = {Uniqueness of multiplicative determinants on elliptic
              pseudodifferential operators},
   JOURNAL = {Proc. Lond. Math. Soc. (3)},
  FJOURNAL = {Proceedings of the London Mathematical Society. Third Series},
    VOLUME = {94},
      YEAR = {2007},
    NUMBER = {3},
     PAGES = {772--812},
      ISSN = {0024-6115},
   MRCLASS = {58J52 (47G30 58J40 58J42)},
  MRNUMBER = {2325320 (2009a:58043)},
MRREVIEWER = {Yuri A. Kordyukov},
       DOI = {10.1112/plms/pdm004},
       URL = {http://dx.doi.org/10.1112/plms/pdm004},
}

@book{Lod:CH,
    AUTHOR = {Loday, Jean-Louis},
     TITLE = {Cyclic homology},
    SERIES = {Grundlehren der Mathematischen Wissenschaften [Fundamental
              Principles of Mathematical Sciences]},
    VOLUME = {301},
   EDITION = {Second},
      NOTE = {Appendix E by Mar{\'{\i}}a O. Ronco,
              Chapter 13 by the author in collaboration with Teimuraz
              Pirashvili},
 PUBLISHER = {Springer-Verlag},
   ADDRESS = {Berlin},
      YEAR = {1998},
     PAGES = {xx+513},
      ISBN = {3-540-63074-0},
   MRCLASS = {16E40 (13D03 17B55 18G60 19D55)},
  MRNUMBER = {1600246 (98h:16014)},
}

@incollection{Loy:DOB,
    AUTHOR = {Loya, Paul},
     TITLE = {Dirac operators, boundary value problems, and the
              {$b$}-calculus},
 BOOKTITLE = {Spectral geometry of manifolds with boundary and decomposition
              of manifolds},
    SERIES = {Contemp. Math.},
    VOLUME = {366},
     PAGES = {241--280},
 PUBLISHER = {Amer. Math. Soc.},
   ADDRESS = {Providence, RI},
      YEAR = {2005},
   MRCLASS = {58J28 (58J32)},
  MRNUMBER = {2114491 (2005k:58038)},
MRREVIEWER = {Daniel Grieser},
}

@article{MSS:UKVT,
    AUTHOR = {Maniccia, L. and Schrohe, E. and Seiler, J.},
     TITLE = {Uniqueness of the {K}ontsevich-{V}ishik trace},
   JOURNAL = {Proc. Amer. Math. Soc.},
  FJOURNAL = {Proceedings of the American Mathematical Society},
    VOLUME = {136},
      YEAR = {2008},
    NUMBER = {2},
     PAGES = {747--752 (electronic)},
      ISSN = {0002-9939},
     CODEN = {PAMYAR},
   MRCLASS = {58J42 (35S05 58J40)},
  MRNUMBER = {2358517 (2008k:58062)},
MRREVIEWER = {{\'E}ric Leichtnam},
       DOI = {10.1090/S0002-9939-07-09168-X},
       URL = {http://dx.doi.org/10.1090/S0002-9939-07-09168-X},
       arxivid={arXiv:0702250v1 [math.FA]},
}

@book{Mal:IDF,
    AUTHOR = {Malgrange, B.},
     TITLE = {Ideals of differentiable functions},
    SERIES = {Tata Institute of Fundamental Research Studies in Mathematics,
              No. 3},
 PUBLISHER = {Tata Institute of Fundamental Research},
   ADDRESS = {Bombay},
      YEAR = {1967},
     PAGES = {vii+106},
   MRCLASS = {46.55 (13.93)},
  MRNUMBER = {0212575 (35 \#3446)},
MRREVIEWER = {M. F. Atiyah},
}

@book{ManTro:HCM,
    AUTHOR = {Manuilov, V. M. and Troitsky, E. V.},
     TITLE = {Hilbert {$C\sp *$}-modules},
    SERIES = {Translations of Mathematical Monographs},
    VOLUME = {226},
      NOTE = {Translated from the 2001 Russian original by the authors},
 PUBLISHER = {American Mathematical Society},
   ADDRESS = {Providence, RI},
      YEAR = {2005},
     PAGES = {viii+202},
      ISBN = {0-8218-3810-5},
   MRCLASS = {46L08 (46L05)},
  MRNUMBER = {2125398 (2005m:46099)},
MRREVIEWER = {Masaharu Kusuda},
}

@book{Mel:APS,
    AUTHOR = {Melrose, Richard B.},
     TITLE = {The {A}tiyah-{P}atodi-{S}inger index theorem},
    SERIES = {Research Notes in Mathematics},
    VOLUME = {4},
 PUBLISHER = {A K Peters Ltd.},
   ADDRESS = {Wellesley, MA},
      YEAR = {1993},
     PAGES = {xiv+377},
      ISBN = {1-56881-002-4},
   MRCLASS = {58G10 (58G15 58G25)},
  MRNUMBER = {1348401 (96g:58180)},
MRREVIEWER = {Rafe Mazzeo},
}

@article{Mel:EIF,
    AUTHOR = {Melrose, Richard B.},
     TITLE = {The eta invariant and families of pseudodifferential
              operators},
   JOURNAL = {Math. Res. Lett.},
  FJOURNAL = {Mathematical Research Letters},
    VOLUME = {2},
      YEAR = {1995},
    NUMBER = {5},
     PAGES = {541--561},
      ISSN = {1073-2780},
   MRCLASS = {58G15 (35S05 47G30 58G03)},
  MRNUMBER = {1359962 (96h:58169)},
MRREVIEWER = {Matthias Lesch},
}


@article{MinPle:SPE,
    AUTHOR = {Minakshisundaram, S. and Pleijel, {\AA}.},
     TITLE = {Some properties of the eigenfunctions of the
              {L}aplace-operator on {R}iemannian manifolds},
   JOURNAL = {Canadian J. Math.},
  FJOURNAL = {Canadian Journal of Mathematics. Journal Canadien de
              Math\'ematiques},
    VOLUME = {1},
      YEAR = {1949},
     PAGES = {242--256},
      ISSN = {0008-414X},
   MRCLASS = {31.0X},
  MRNUMBER = {0031145 (11,108b)},
MRREVIEWER = {S. Bochner},
}

@incollection{MosWu:ITS,
    AUTHOR = {Moscovici, Henri and Wu, Fangbing},
     TITLE = {Index theory without symbols},
 BOOKTITLE = {{$C\sp \ast$}-algebras: 1943--1993 ({S}an {A}ntonio, {TX},
              1993)},
    SERIES = {Contemp. Math.},
    VOLUME = {167},
     PAGES = {304--351},
 PUBLISHER = {Amer. Math. Soc.},
   ADDRESS = {Providence, RI},
      YEAR = {1994},
   MRCLASS = {58G12 (19D55 46L87)},
  MRNUMBER = {1292020 (96g:58184)},
MRREVIEWER = {Guihua Gong},
}


@article{Mul:ATT,
    AUTHOR = {M{\"u}ller, Werner},
     TITLE = {Analytic torsion and {$R$}-torsion of {R}iemannian manifolds},
   JOURNAL = {Adv. in Math.},
  FJOURNAL = {Advances in Mathematics},
    VOLUME = {28},
      YEAR = {1978},
    NUMBER = {3},
     PAGES = {233--305},
      ISSN = {0001-8708},
     CODEN = {ADMTA4},
   MRCLASS = {58G10},
  MRNUMBER = {498252 (80j:58065b)},
MRREVIEWER = {J{\'o}zef Dodziuk},
       DOI = {10.1016/0001-8708(78)90116-0},
       URL = {http://dx.doi.org/10.1016/0001-8708(78)90116-0},
}

@article{Mul:EIM,
    AUTHOR = {M{\"u}ller, Werner},
     TITLE = {Eta invariants and manifolds with boundary},
   JOURNAL = {J. Differential Geom.},
  FJOURNAL = {Journal of Differential Geometry},
    VOLUME = {40},
      YEAR = {1994},
    NUMBER = {2},
     PAGES = {311--377},
      ISSN = {0022-040X},
     CODEN = {JDGEAS},
   MRCLASS = {58G10 (58G20 58G25)},
  MRNUMBER = {1293657 (96c:58165)},
MRREVIEWER = {Matthias Lesch},
}

@article{NSSS:SBV,
    AUTHOR = {Naza{\u\i}kinski{\u\i}, V. and Sternin, B. and Shatalov, V.
              and Schulze, B.-W.},
     TITLE = {Spectral boundary value problems and elliptic equations on
              manifolds with singularities},
   JOURNAL = {Differ. Uravn. - translation in  Differential Equations  34  (1998), no. 5, 696--710},
  FJOURNAL = {Differentsial\cprime nye Uravneniya},
    VOLUME = {34},
      YEAR = {1998},
    NUMBER = {5},
     PAGES = {695--708, 720},
      ISSN = {0374-0641},
   MRCLASS = {58J32 (35J55 35P05 35S15 47G30)},
  MRNUMBER = {1687611 (2000d:58038)},
MRREVIEWER = {Vladimir Tulovsky},

}

@misc{Nei:CCS,
 AUTHOR = {Neira Jim{\'e}nez, Carolina},
 TITLE  = {Cohomology of classes of symbols and classification of traces on corresponding
  classes of operators with non positive order},
 howpublished = {Doctoral dissertation, Universit\"at Bonn},
 year         = {2010},
 arxivid      = {http://hss.ulb.uni-bonn.de/2010/2214/2214.htm \textrm{resp.} .pdf},
}

@article{Nic:MIS,
    AUTHOR = {Nicolaescu, Liviu I.},
     TITLE = {The {M}aslov index, the spectral flow, and decompositions of
              manifolds},
   JOURNAL = {Duke Math. J.},
  FJOURNAL = {Duke Mathematical Journal},
    VOLUME = {80},
      YEAR = {1995},
    NUMBER = {2},
     PAGES = {485--533},
      ISSN = {0012-7094},
     CODEN = {DUMJAO},
   MRCLASS = {58G10 (57R57 58F05 58G25)},
  MRNUMBER = {1369400 (96k:58208)},
MRREVIEWER = {Paul A. Kirk},
}

@article{Pal:ROH,
    AUTHOR = {Pal, Arupkumar},
     TITLE = {Regular operators on {H}ilbert {$C\sp *$}-modules},
   JOURNAL = {J. Operator Theory},
  FJOURNAL = {Journal of Operator Theory},
    VOLUME = {42},
      YEAR = {1999},
    NUMBER = {2},
     PAGES = {331--350},
      ISSN = {0379-4024},
   MRCLASS = {46L08 (46H25 47B48)},
  MRNUMBER = {1716957 (2000h:46072)},
MRREVIEWER = {Vladimir Manuilov},
}

@BOOK{Pal:SASIT,
AUTHOR = {Palais, Richard S.},
     TITLE = {Seminar on the {A}tiyah-{S}inger index theorem},
    SERIES = {With contributions by M. F. Atiyah, A. Borel, E. E. Floyd, R.
              T. Seeley, W. Shih and R. Solovay. Annals of Mathematics
              Studies, No. 57},
 PUBLISHER = {Princeton University Press},
   ADDRESS = {Princeton, N.J.},
      YEAR = {1965},
     PAGES = {x+366},
   MRCLASS = {57.50},
  MRNUMBER = {0198494 (33 \#6649)},
MRREVIEWER = {F. Hirzebruch},
}

@article{Pas:IPM,
    AUTHOR = {Paschke, William L.},
     TITLE = {Inner product modules over {$B\sp{\ast} $}-algebras},
   JOURNAL = {Trans. Amer. Math. Soc.},
  FJOURNAL = {Transactions of the American Mathematical Society},
    VOLUME = {182},
      YEAR = {1973},
     PAGES = {443--468},
      ISSN = {0002-9947},
   MRCLASS = {46K05 (46H25)},
  MRNUMBER = {0355613 (50 \#8087)},
MRREVIEWER = {H. Halpern},
}

@article{PauSmi:MMT,
    AUTHOR = {Paulsen, V. I. and Smith, R. R.},
     TITLE = {Multilinear maps and tensor norms on operator systems},
   JOURNAL = {J. Funct. Anal.},
  FJOURNAL = {Journal of Functional Analysis},
    VOLUME = {73},
      YEAR = {1987},
    NUMBER = {2},
     PAGES = {258--276},
      ISSN = {0022-1236},
     CODEN = {JFUAAW},
   MRCLASS = {46L05 (46M05 47A30 47A99)},
  MRNUMBER = {899651 (89m:46099)},
       DOI = {10.1016/0022-1236(87)90068-1},
       URL = {http://dx.doi.org/10.1016/0022-1236(87)90068-1},
}

@incollection{PayRos:TCCLS,
    AUTHOR = {Paycha, Sylvie and Rosenberg, Steven},
     TITLE = {Traces and characteristic classes on loop spaces},
 BOOKTITLE = {Infinite dimensional groups and manifolds},
    SERIES = {IRMA Lect. Math. Theor. Phys.},
    VOLUME = {5},
     PAGES = {185--212},
 PUBLISHER = {de Gruyter},
   ADDRESS = {Berlin},
      YEAR = {2004},
   MRCLASS = {58J42 (53C05 58B20 58J40)},
  MRNUMBER = {2104357 (2005h:58047)},
MRREVIEWER = {Fabio Nicola},
}

@book{Ped:CAA,
    AUTHOR = {Pedersen, Gert K.},
     TITLE = {{$C\sp{\ast} $}-algebras and their automorphism groups},
    SERIES = {London Mathematical Society Monographs},
    VOLUME = {14},
 PUBLISHER = {Academic Press Inc. [Harcourt Brace Jovanovich Publishers]},
   ADDRESS = {London},
      YEAR = {1979},
     PAGES = {ix+416},
      ISBN = {0-12-549450-5},
   MRCLASS = {46Lxx},
  MRNUMBER = {548006 (81e:46037)},
MRREVIEWER = {J. W. Bunce},
}

@article{Pfl:NSRM,
    AUTHOR = {Pflaum, Markus J.},
     TITLE = {The normal symbol on {R}iemannian manifolds},
   JOURNAL = {New York J. Math.},
  FJOURNAL = {New York Journal of Mathematics},
    VOLUME = {4},
      YEAR = {1998},
     PAGES = {97--125 (electronic)},
      ISSN = {1076-9803},
   MRCLASS = {58G15 (35S05 47G30)},
  MRNUMBER = {1640055 (99e:58181)},
MRREVIEWER = {Robert Lauter},
}

@article{Pon:SAZ,
AUTHOR = {Ponge, Rapha{\"e}l},
     TITLE = {Spectral asymmetry, zeta functions, and the noncommutative
              residue},
   JOURNAL = {Internat. J. Math.},
  FJOURNAL = {International Journal of Mathematics},
    VOLUME = {17},
      YEAR = {2006},
    NUMBER = {9},
     PAGES = {1065--1090},
      ISSN = {0129-167X},
   MRCLASS = {58J42 (58J40 58J52)},
  MRNUMBER = {2274011 (2007h:58048)},
       DOI = {10.1142/S0129167X06003825},
       URL = {http://dx.doi.org/10.1142/S0129167X06003825},
arxivid    = {arXiv:0510061 [math.DG]}
}


@article{Pon:TPO,
  author = {Ponge, Raphael},
  title  = {Traces on pseudodifferential operators and sums of commutators},
  journal = {J. Anal. Math.},
  volume = {110},
  year   = {2010},
  pages  = {1-30},
  arxivid = {arXiv:0707.4265 [math.AP]}
  }

@article{Pus:ECH,
    AUTHOR = {Puschnigg, Michael},
     TITLE = {Excision in cyclic homology theories},
   JOURNAL = {Invent. Math.},
  FJOURNAL = {Inventiones Mathematicae},
    VOLUME = {143},
      YEAR = {2001},
    NUMBER = {2},
     PAGES = {249--323},
      ISSN = {0020-9910},
     CODEN = {INVMBH},
   MRCLASS = {16E40 (19D55 19K35)},
  MRNUMBER = {1835389 (2002e:16014)},
MRREVIEWER = {Jerry Lodder},
}


@incollection{Pus:SFF,
    AUTHOR = {Pushnitski, Alexander},
     TITLE = {The spectral flow, the {F}redholm index, and the spectral
              shift function},
 BOOKTITLE = {Spectral theory of differential operators},
    SERIES = {Amer. Math. Soc. Transl. Ser. 2},
    VOLUME = {225},
     PAGES = {141--155},
 PUBLISHER = {Amer. Math. Soc.},
   ADDRESS = {Providence, RI},
      YEAR = {2008},
   MRCLASS = {47A53 (47A55 47A56)},
  MRNUMBER = {2509781},
}


@article{Pus:SFFIP,
    AUTHOR = {Pushnitski, Alexander},
     TITLE = {The spectral shift function and the invariance principle},
   JOURNAL = {J. Funct. Anal.},
  FJOURNAL = {Journal of Functional Analysis},
    VOLUME = {183},
      YEAR = {2001},
    NUMBER = {2},
     PAGES = {269--320},
      ISSN = {0022-1236},
     CODEN = {JFUAAW},
   MRCLASS = {47A55 (47A40)},
  MRNUMBER = {1844210 (2002j:47019)},
MRREVIEWER = {Alexei V. Rybkin},
       DOI = {10.1006/jfan.2001.3751},
       URL = {http://dx.doi.org/10.1006/jfan.2001.3751},
}

@book{RaeWil:MEC,
    AUTHOR = {Raeburn, Iain and Williams, Dana P.},
     TITLE = {Morita equivalence and continuous-trace {$C\sp *$}-algebras},
    SERIES = {Mathematical Surveys and Monographs},
    VOLUME = {60},
 PUBLISHER = {American Mathematical Society},
   ADDRESS = {Providence, RI},
      YEAR = {1998},
     PAGES = {xiv+327},
      ISBN = {0-8218-0860-5},
   MRCLASS = {46L05 (22D99 46L55 46M20)},
  MRNUMBER = {1634408 (2000c:46108)},
MRREVIEWER = {Robert S. Doran},
}

@book{ReeSim:MMMII,
    AUTHOR = {Reed, Michael and Simon, Barry},
     TITLE = {Methods of modern mathematical physics. {II}. {F}ourier
              analysis, self-adjointness},
 PUBLISHER = {Academic Press [Harcourt Brace Jovanovich Publishers]},
   ADDRESS = {New York},
      YEAR = {1975},
     PAGES = {xv+361},
   MRCLASS = {47-02 (81.47)},
  MRNUMBER = {0493420 (58 \#12429b)},
MRREVIEWER = {P. R. Chernoff},
}

@article{Rie:IRC,
    AUTHOR = {Rieffel, Marc A.},
     TITLE = {Induced representations of {$C\sp{\ast} $}-algebras},
   JOURNAL = {Advances in Math.},
  FJOURNAL = {Advances in Mathematics},
    VOLUME = {13},
      YEAR = {1974},
     PAGES = {176--257},
      ISSN = {0001-8708},
   MRCLASS = {46L05 (22D30)},
  MRNUMBER = {0353003 (50 \#5489)},
MRREVIEWER = {J. W. Bunce},
}

@article{RobSal:MIP,
    AUTHOR = {Robbin, Joel and Salamon, Dietmar},
     TITLE = {The {M}aslov index for paths},
   JOURNAL = {Topology},
  FJOURNAL = {Topology. An International Journal of Mathematics},
    VOLUME = {32},
      YEAR = {1993},
    NUMBER = {4},
     PAGES = {827--844},
      ISSN = {0040-9383},
     CODEN = {TPLGAF},
   MRCLASS = {58F05 (58E05)},
  MRNUMBER = {1241874 (94i:58071)},
MRREVIEWER = {J. S. Joel},
       DOI = {10.1016/0040-9383(93)90052-W},
       URL = {http://dx.doi.org/10.1016/0040-9383(93)90052-W},
}



@article{RobSal:SFM,
    AUTHOR = {Robbin, Joel and Salamon, Dietmar},
     TITLE = {The spectral flow and the {M}aslov index},
   JOURNAL = {Bull. London Math. Soc.},
  FJOURNAL = {The Bulletin of the London Mathematical Society},
    VOLUME = {27},
      YEAR = {1995},
    NUMBER = {1},
     PAGES = {1--33},
      ISSN = {0024-6093},
     CODEN = {LMSBBT},
   MRCLASS = {58E05 (47A53 47N99 57R57 58G10)},
  MRNUMBER = {1331677 (96d:58021)},
MRREVIEWER = {James F. Reineck},
       DOI = {10.1112/blms/27.1.1},
       URL = {http://dx.doi.org/10.1112/blms/27.1.1},
}   

@article{Rua:SCA,
    AUTHOR = {Ruan, Zhong-Jin},
     TITLE = {Subspaces of {$C\sp *$}-algebras},
   JOURNAL = {J. Funct. Anal.},
  FJOURNAL = {Journal of Functional Analysis},
    VOLUME = {76},
      YEAR = {1988},
    NUMBER = {1},
     PAGES = {217--230},
      ISSN = {0022-1236},
     CODEN = {JFUAAW},
   MRCLASS = {46L05},
  MRNUMBER = {923053 (89h:46082)},
       DOI = {10.1016/0022-1236(88)90057-2},
       URL = {http://dx.doi.org/10.1016/0022-1236(88)90057-2},
}

@article{SavSetSch:IIF,
    AUTHOR = {Savin, A. Yu. and Sternin, B. Yu. and Schulze, B.-W.},
     TITLE = {On invariant index formulas for spectral boundary value
              problems},
   JOURNAL = {Differ. Uravn. (translation in
Differential Equations 35 (1999), no. 5, 709--718)},
  FJOURNAL = {Differentsial\cprime nye Uravneniya},
    VOLUME = {35},
      YEAR = {1999},
    NUMBER = {5},
     PAGES = {705--714, 720},
      ISSN = {0374-0641},
   MRCLASS = {58J20 (58J28 58J32)},
  MRNUMBER = {1735670 (2001c:58023)},
MRREVIEWER = {Boris A. Plamenevsky},
       URL = {http://opus.kobv.de/ubp/volltexte/2008/2528},
}

@book{Sco:TDP,
    AUTHOR = {Scott, Simon},
     TITLE = {Traces and determinants of pseudodifferential operators},
    SERIES = {Oxford Mathematical Monographs},
 PUBLISHER = {Oxford University Press},
   ADDRESS = {Oxford},
      YEAR = {2010},
     PAGES = {xiv+676},
      ISBN = {978-0-19-856836-0},
   MRCLASS = {58J52 (47B10 47G30 47L80 58J40)},
  MRNUMBER = {2683288},
}

@incollection{See:CPE,
    AUTHOR = {Seeley, R. T.},
     TITLE = {Complex powers of an elliptic operator},
 BOOKTITLE = {Singular {I}ntegrals ({P}roc. {S}ympos. {P}ure {M}ath.,
              {C}hicago, {I}ll., 1966)},
     PAGES = {288--307},
 PUBLISHER = {Amer. Math. Soc.},
   ADDRESS = {Providence, R.I.},
      YEAR = {1967},
   MRCLASS = {35.23 (47.00)},
  MRNUMBER = {0237943 (38 \#6220)},
MRREVIEWER = {M. F. Atiyah},
}

@article{See:SES,
    AUTHOR = {Seeley, R. T.},
     TITLE = {A simple example of spectral pathology for differential
              operators},
   JOURNAL = {Comm. Partial Differential Equations},
  FJOURNAL = {Communications in Partial Differential Equations},
    VOLUME = {11},
      YEAR = {1986},
    NUMBER = {6},
     PAGES = {595--598},
      ISSN = {0360-5302},
     CODEN = {CPDIDZ},
   MRCLASS = {35P20 (34B25)},
  MRNUMBER = {837277 (87h:35258)},
MRREVIEWER = {Alejandro Uribe},
       DOI = {10.1080/03605308608820438},
       URL = {http://dx.doi.org/10.1080/03605308608820438},
}

@book{Shu:POS,
    AUTHOR = {Shubin, M. A.},
     TITLE = {Pseudodifferential operators and spectral theory},
   EDITION = {Second},
      NOTE = {Translated from the 1978 Russian original by Stig I.
              Andersson},
 PUBLISHER = {Springer-Verlag},
   ADDRESS = {Berlin},
      YEAR = {2001},
     PAGES = {xii+288},
      ISBN = {3-540-41195-X},
   MRCLASS = {47G30 (35Sxx 58J40)},
  MRNUMBER = {1852334 (2002d:47073)},
}

@book{Sim:TIA,
    AUTHOR = {Simon, Barry},
     TITLE = {Trace ideals and their applications},
    SERIES = {Mathematical Surveys and Monographs},
    VOLUME = {120},
   EDITION = {Second},
 PUBLISHER = {American Mathematical Society},
   ADDRESS = {Providence, RI},
      YEAR = {2005},
     PAGES = {viii+150},
      ISBN = {0-8218-3581-5},
   MRCLASS = {47L20 (47A40 47A55 47B10 47B36 47E05 81Q15 81U99)},
  MRNUMBER = {2154153 (2006f:47086)},
MRREVIEWER = {Pavel B. Kurasov},
}

@book{Tak:TOA,
    AUTHOR = {Takesaki, M.},
     TITLE = {Theory of operator algebras. {I}},
    SERIES = {Encyclopaedia of Mathematical Sciences},
    VOLUME = {124},
      NOTE = {Reprint of the first (1979) edition,
              Operator Algebras and Non-commutative Geometry, 5},
 PUBLISHER = {Springer-Verlag},
   ADDRESS = {Berlin},
      YEAR = {2002},
     PAGES = {xx+415},
      ISBN = {3-540-42248-X},
   MRCLASS = {46Lxx (46-01)},
  MRNUMBER = {1873025 (2002m:46083)},
}

@book{Tay:PDEI,
    AUTHOR = {Taylor, Michael E.},
     TITLE = {Partial differential equations. {I}},
    SERIES = {Applied Mathematical Sciences},
    VOLUME = {115},
      NOTE = {Basic theory},
 PUBLISHER = {Springer-Verlag},
   ADDRESS = {New York},
      YEAR = {1996},
     PAGES = {xxiv+563},
      ISBN = {0-387-94653-5},
   MRCLASS = {35-01 (46N20 47N20 58Gxx)},
  MRNUMBER = {1395148 (98b:35002b)},
MRREVIEWER = {Luigi Rodino},
}

@book{Tay:PDEII,
    AUTHOR = {Taylor, Michael E.},
     TITLE = {Partial differential equations. {II}},
    SERIES = {Applied Mathematical Sciences},
    VOLUME = {116},
      NOTE = {Qualitative studies of linear equations},
 PUBLISHER = {Springer-Verlag},
   ADDRESS = {New York},
      YEAR = {1996},
     PAGES = {xxii+528},
      ISBN = {0-387-94651-9},
   MRCLASS = {35-01 (46N20 47N20 58Gxx)},
  MRNUMBER = {1395149 (98b:35003)},
MRREVIEWER = {Luigi Rodino},
}

@book{Tou:IFD,
    AUTHOR = {Tougeron, Jean-Claude},
     TITLE = {Id\'eaux de fonctions diff\'erentiables},
      NOTE = {Ergebnisse der Mathematik und ihrer Grenzgebiete, Band 71},
 PUBLISHER = {Springer-Verlag},
   ADDRESS = {Berlin},
      YEAR = {1972},
     PAGES = {vii+219},
   MRCLASS = {58C25 (26A93)},
  MRNUMBER = {0440598 (55 \#13472)},
MRREVIEWER = {J. G. Timourian},
}

@book{Tre:TVS,
    AUTHOR = {Tr{\`e}ves, Fran{\c{c}}ois},
     TITLE = {Topological vector spaces, distributions and kernels},
      NOTE = {Unabridged republication of the 1967 original},
 PUBLISHER = {Dover Publications Inc.},
   ADDRESS = {Mineola, NY},
      YEAR = {2006},
     PAGES = {xvi+565},
      ISBN = {0-486-45352-9},
   MRCLASS = {46-01 (46-02 46Axx 46Fxx)},
  MRNUMBER = {2296978 (2007k:46002)},
}


@article{Ver:ZDR,
    AUTHOR = {Vertman, Boris},
     TITLE = {Zeta determinants for regular-singular {L}aplace-type
              operators},
   JOURNAL = {J. Math. Phys.},
  FJOURNAL = {Journal of Mathematical Physics},
    VOLUME = {50},
      YEAR = {2009},
    NUMBER = {8},
     PAGES = {083515, 23},
      ISSN = {0022-2488},
     CODEN = {JMAPAQ},
   MRCLASS = {58Jxx},
  MRNUMBER = {2554443},
  arxivid  = {arXiv:0808.0443v2 [math-ph]},
}

@article{Vis:GRS,
    AUTHOR = {Vishik, S. M.},
     TITLE = {Generalized {R}ay-{S}inger conjecture. {I}. {A} manifold with
              a smooth boundary},
   JOURNAL = {Comm. Math. Phys.},
  FJOURNAL = {Communications in Mathematical Physics},
    VOLUME = {167},
      YEAR = {1995},
    NUMBER = {1},
     PAGES = {1--102},
      ISSN = {0010-3616},
     CODEN = {CMPHAY},
   MRCLASS = {58G26 (58G20 58G25)},
  MRNUMBER = {1316501 (96f:58184)},
MRREVIEWER = {Friedbert Pr{\"u}fer},
       URL = {http://projecteuclid.org/getRecord?id=euclid.cmp/1104271785},
   arxivid = {arXiv:hep-th/9305184v1}
}

@book{War:FDM,
    AUTHOR = {Warner, Frank W.},
     TITLE = {Foundations of differentiable manifolds and {L}ie groups},
    SERIES = {Graduate Texts in Mathematics},
    VOLUME = {94},
      NOTE = {Corrected reprint of the 1971 edition},
 PUBLISHER = {Springer-Verlag},
   ADDRESS = {New York},
      YEAR = {1983},
     PAGES = {ix+272},
      ISBN = {0-387-90894-3},
   MRCLASS = {58-01 (22-01 53-01 57R99)},
  MRNUMBER = {722297 (84k:58001)},
}

@book{Wat:TTB,
    AUTHOR = {Watson, G. N.},
     TITLE = {A treatise on the theory of {B}essel functions},
    SERIES = {Cambridge Mathematical Library},
      NOTE = {Reprint of the second (1944) edition},
 PUBLISHER = {Cambridge University Press},
   ADDRESS = {Cambridge},
      YEAR = {1995},
     PAGES = {viii+804},
      ISBN = {0-521-48391-3},
   MRCLASS = {33C10 (01A75 33-01 33-02)},
  MRNUMBER = {1349110 (96i:33010)},
MRREVIEWER = {R. A. Askey},
}

@book{Weg:KTC,
    AUTHOR = {Wegge-Olsen, N. E.},
     TITLE = {{$K$}-theory and {$C\sp *$}-algebras},
    SERIES = {Oxford Science Publications},
      NOTE = {A friendly approach},
 PUBLISHER = {The Clarendon Press Oxford University Press},
   ADDRESS = {New York},
      YEAR = {1993},
     PAGES = {xii+370},
      ISBN = {0-19-859694-4},
   MRCLASS = {46L80 (19Kxx 46L05)},
  MRNUMBER = {1222415 (95c:46116)},
MRREVIEWER = {Mahmood Khoshkam},
}

@book{Wei:STO,
    AUTHOR = {Weidmann, Joachim},
     TITLE = {Spectral theory of ordinary differential operators},
    SERIES = {Lecture Notes in Mathematics},
    VOLUME = {1258},
 PUBLISHER = {Springer-Verlag},
   ADDRESS = {Berlin},
      YEAR = {1987},
     PAGES = {vi+303},
      ISBN = {3-540-17902-X},
   MRCLASS = {47E05 (34-02 34B25)},
  MRNUMBER = {MR923320 (89b:47070)},
MRREVIEWER = {Tuncay Aktosun},
}

@article{Wid:CSCPO,
    AUTHOR = {Widom, Harold},
     TITLE = {A complete symbolic calculus for pseudodifferential operators},
   JOURNAL = {Bull. Sci. Math. (2)},
  FJOURNAL = {Bulletin des Sciences Math\'ematiques. 2e S\'erie},
    VOLUME = {104},
      YEAR = {1980},
    NUMBER = {1},
     PAGES = {19--63},
      ISSN = {0007-4497},
     CODEN = {BSMQA9},
   MRCLASS = {58G15 (35S05 47G05)},
  MRNUMBER = {560744 (81m:58078)},
MRREVIEWER = {M. S. Agranovich},
}

@incollection{Wid:STC,
    AUTHOR = {Widom, Harold},
     TITLE = {Szeg{\H o}'s theorem and a complete symbolic calculus for
              pseudodifferential operators},
 BOOKTITLE = {Seminar on {S}ingularities of {S}olutions of {L}inear
              {P}artial {D}ifferential {E}quations ({I}nst. {A}dv. {S}tudy,
              {P}rinceton, {N}.{J}., 1977/78)},
    SERIES = {Ann. of Math. Stud.},
    VOLUME = {91},
     PAGES = {261--283},
 PUBLISHER = {Princeton Univ. Press},
   ADDRESS = {Princeton, N.J.},
      YEAR = {1979},
   MRCLASS = {58G15 (35S05 47G05 58G25)},
  MRNUMBER = {547022 (81b:58043)},
MRREVIEWER = {P. G{\"u}nther},
}


@arxiv{KaaLes:LGP,
   author = {Kaad, Jens and Lesch, Matthias},
   title  = {A local global principle for regular operators in
    {H}ilbert {$C\sp{\ast} $}-modules},
   year   = 2011,
   arxivid = {arXiv:1107.2372 [math.OA]}
}

@article{Wod:LIS,
    AUTHOR = {Wodzicki, M.},
     TITLE = {Local invariants of spectral asymmetry},
   JOURNAL = {Invent. Math.},
  FJOURNAL = {Inventiones Mathematicae},
    VOLUME = {75},
      YEAR = {1984},
    NUMBER = {1},
     PAGES = {143--177},
      ISSN = {0020-9910},
     CODEN = {INVMBH},
   MRCLASS = {58G25 (35S05 47G05)},
  MRNUMBER = {728144 (85g:58089)},
MRREVIEWER = {Akira Asada},
       DOI = {10.1007/BF01403095},
       URL = {http://dx.doi.org/10.1007/BF01403095},
}


@incollection{Wod:NRF,
    AUTHOR = {Wodzicki, Mariusz},
     TITLE = {Noncommutative residue. {I}. {F}undamentals},
 BOOKTITLE = {{$K$}-theory, arithmetic and geometry ({M}oscow, 1984--1986)},
    SERIES = {Lecture Notes in Math.},
    VOLUME = {1289},
     PAGES = {320--399},
 PUBLISHER = {Springer},
   ADDRESS = {Berlin},
      YEAR = {1987},
   MRCLASS = {58G15 (32C38 35A30 58G07)},
  MRNUMBER = {923140 (90a:58175)},
MRREVIEWER = {Michael M. Kapranov},
}

@misc{Wod:RCHS,
 author={M. Wodzicki},
 title={Report on the cyclic homology of symbols}, 
 note={manuscript, IAS Princeton. Available online at http://math.berkeley.edu/$\sim$wodzicki},
 month={Jan},
 year={1987},
}

@article{Wod:SAZ,
    AUTHOR = {Wodzicki, Mariusz},
     TITLE = {Spectral asymmetry and zeta functions},
   JOURNAL = {Invent. Math.},
  FJOURNAL = {Inventiones Mathematicae},
    VOLUME = {66},
      YEAR = {1982},
    NUMBER = {1},
     PAGES = {115--135},
      ISSN = {0020-9910},
     CODEN = {INVMBH},
   MRCLASS = {58G25 (35P99 47G05)},
  MRNUMBER = {652650 (83h:58097)},
MRREVIEWER = {P. G{\"u}nther},
       DOI = {10.1007/BF01404760},
       URL = {http://dx.doi.org/10.1007/BF01404760},
}

@Article{Woj:SFG,
  AUTHOR = {Wojciechowski, Krzysztof},
     TITLE = {Spectral flow and the general linear conjugation problem},
   JOURNAL = {Simon Stevin},
  FJOURNAL = {Simon Stevin. A Quarterly Journal of Pure and Applied
              Mathematics},
    VOLUME = {59},
      YEAR = {1985},
    NUMBER = {1},
     PAGES = {59--91},
      ISSN = {0037-5454},
     CODEN = {SSWNAX},
   MRCLASS = {58G15 (58G10 58G25)},
  MRNUMBER = {795272 (86k:58120)},
MRREVIEWER = {Dumitru Motreanu},
}


@article{Wol:ESA,
    AUTHOR = {Wolf, Joseph A.},
     TITLE = {Essential self-adjointness for the {D}irac operator and its
              square},
   JOURNAL = {Indiana Univ. Math. J.},
  FJOURNAL = {Indiana University Mathematics Journal},
    VOLUME = {22},
      YEAR = {1972/73},
     PAGES = {611--640},
      ISSN = {0022-2518},
   MRCLASS = {81.47},
  MRNUMBER = {0311248 (46 \#10340)},
MRREVIEWER = {T. J. Willmore},
}

@article{Wor:UEA,
    AUTHOR = {Woronowicz, S. L.},
     TITLE = {Unbounded elements affiliated with {$C\sp *$}-algebras and
              noncompact quantum groups},
   JOURNAL = {Comm. Math. Phys.},
  FJOURNAL = {Communications in Mathematical Physics},
    VOLUME = {136},
      YEAR = {1991},
    NUMBER = {2},
     PAGES = {399--432},
      ISSN = {0010-3616},
     CODEN = {CMPHAY},
   MRCLASS = {46L89 (46L05 47D40 58B30)},
  MRNUMBER = {1096123 (92b:46117)},
MRREVIEWER = {Palle E. T. Jorgensen},
       URL = {http://projecteuclid.org/getRecord?id=euclid.cmp/1104202358},
}

@arxiv{Iva:CBC,
 author = {Nikolay P. Ivankov},
 title  = {Completely Bounded Characterization of Operator Algebras with Involution},
 year   = 2011,
 arxivid = {arXiv:1104.2626v1 [math.OA]},
} 

@arxiv{Mes:UBK,
 AUTHOR = {Bram Mesland},
 TITLE  = {Unbounded bivariant {$K$}--theory and correspondences in noncommutative
  geometry}, 
 arxivid = {arXiv:0904.4383v2 [math.KT]}, 
 year    = 2009
}  

@article{WorNap:OTC,
    AUTHOR = {Woronowicz, S. L. and Napi{\'o}rkowski, K.},
     TITLE = {Operator theory in the {$C\sp \ast$}-algebra framework},
   JOURNAL = {Rep. Math. Phys.},
  FJOURNAL = {Reports on Mathematical Physics},
    VOLUME = {31},
      YEAR = {1992},
    NUMBER = {3},
     PAGES = {353--371},
      ISSN = {0034-4877},
     CODEN = {RMHPBE},
   MRCLASS = {46L05 (46L55 47D40)},
  MRNUMBER = {1232646 (94k:46123)},
MRREVIEWER = {Steve Wright},
       DOI = {10.1016/0034-4877(92)90025-V},
       URL = {http://dx.doi.org/10.1016/0034-4877(92)90025-V},
}

@article{Wu:CCC,
    AUTHOR = {Wu, Fangbing},
     TITLE = {The {C}hern-{C}onnes character for the {D}irac operator on
              manifolds with boundary},
   JOURNAL = {$K$-Theory},
  FJOURNAL = {$K$-Theory. An Interdisciplinary Journal for the Development,
              Application, and Influence of $K$-Theory in the Mathematical
              Sciences},
    VOLUME = {7},
      YEAR = {1993},
    NUMBER = {2},
     PAGES = {145--174},
      ISSN = {0920-3036},
     CODEN = {KTHEEO},
   MRCLASS = {58G12 (19D55 46L80)},
  MRNUMBER = {1235286 (95f:58076)},
MRREVIEWER = {John Roe},
}


@article{xxyy,
    AUTHOR = {Aname, P. and Avron, J. and Murks, X. and Schwacke, Alfons and Seiler, R. and Simon, B.},
     TITLE = {The index of a pair of projections},
   JOURNAL = {J. Funct. Anal.},
  FJOURNAL = {Journal of Functional Analysis},
    VOLUME = {120},
      YEAR = {1994},
    NUMBER = {1},
     PAGES = {220--237},
      ISSN = {0022-1236},
     CODEN = {JFUAAW},
   MRCLASS = {47A53 (46L10 47B10)},
  MRNUMBER = {1262254 (95b:47012)},
MRREVIEWER = {H. Halpern},
}
