@article {BKD:HKA,
    AUTHOR = {Bordag, Michael and Kirsten, Klaus and Dowker, Stuart},
     TITLE = {Heat-kernels and functional determinants on the generalized
              cone},
   JOURNAL = {Comm. Math. Phys.},
  FJOURNAL = {Communications in Mathematical Physics},
    VOLUME = {182},
      YEAR = {1996},
    NUMBER = {2},
     PAGES = {371--393},
      ISSN = {0010-3616},
     CODEN = {CMPHAY},
   MRCLASS = {58G26 (58G11)},
  MRNUMBER = {1447298 (98d:58193)},
MRREVIEWER = {Emili Elizalde},
       URL = {http://projecteuclid.org/getRecord?id=euclid.cmp/1104288153},
}

@article {EMM:ROT,
    AUTHOR = {Epstein, C. L. and Melrose, R. B. and Mendoza, G. A.},
     TITLE = {Resolvent of the {L}aplacian on strictly pseudoconvex domains},
   JOURNAL = {Acta Math.},
  FJOURNAL = {Acta Mathematica},
    VOLUME = {167},
      YEAR = {1991},
    NUMBER = {1-2},
     PAGES = {1--106},
      ISSN = {0001-5962},
     CODEN = {ACMAA8},
   MRCLASS = {32F20 (32F15 35N15 35S05 58G15)},
  MRNUMBER = {1111745 (92i:32016)},
MRREVIEWER = {J. Mitchell},
       DOI = {10.1007/BF02392446},
       URL = {http://dx.doi.org/10.1007/BF02392446},
}

@article {Les:DOR,
    AUTHOR = {Lesch, Matthias},
     TITLE = {Determinants of regular singular {S}turm-{L}iouville
              operators},
   JOURNAL = {Math. Nachr.},
  FJOURNAL = {Mathematische Nachrichten},
    VOLUME = {194},
      YEAR = {1998},
     PAGES = {139--170},
      ISSN = {0025-584X},
   MRCLASS = {58G26 (34B24 34L40)},
  MRNUMBER = {1653090 (99j:58220)},
MRREVIEWER = {Leonid Friedlander},
}

@article {Les:TAT,
    AUTHOR = {Lesch, Matthias},
     TITLE = {{T}he {A}nalytic {T}orsion of the {M}odel {C}one},
   JOURNAL = {unpublished notes},
  FJOURNAL = {},
    VOLUME = {},
      YEAR = {1994},
     PAGES = {},
      ISSN = {},
   MRCLASS = {},
  MRNUMBER = {},
MRREVIEWER = {},
}

@article {Maz:ETO,
    AUTHOR = {Mazzeo, Rafe},
     TITLE = {Elliptic theory of differential edge operators. {I}},
   JOURNAL = {Comm. Partial Differential Equations},
  FJOURNAL = {Communications in Partial Differential Equations},
    VOLUME = {16},
      YEAR = {1991},
    NUMBER = {10},
     PAGES = {1615--1664},
      ISSN = {0360-5302},
     CODEN = {CPDIDZ},
   MRCLASS = {58G03 (35J99 47G30 47N20 58G18)},
  MRNUMBER = {1133743 (93d:58152)},
MRREVIEWER = {J{\"u}rgen Eichhorn},
       DOI = {10.1080/03605309108820815},
       URL = {http://dx.doi.org/10.1080/03605309108820815},
}

@article {MRS,
    AUTHOR = {Mazzeo, Rafe and Rubinstein, Yanir and Natasha, Sesum},
     TITLE = {Ricci flow},
   JOURNAL = {in preparation},
  FJOURNAL = {},
    VOLUME = {},
      YEAR = {2010},
    NUMBER = {},
     PAGES = {},
      ISSN = {},
     CODEN = {},
   MRCLASS = {},
  MRNUMBER = {},
MRREVIEWER = {},
       DOI = {},
       URL = {},
}



@arxiv{MazVer:ATM,
   author = {Mazzeo, Rafe and Vertman, Boris},
   title  = {Analytic Torsion on Manifolds with Edges},
   year   = 2011,
   arxivid = {arXiv:1103.0448v1 [math.SP]},
}

@article {Moo:HKA,
    AUTHOR = {Mooers, Edith A.},
     TITLE = {Heat kernel asymptotics on manifolds with conic singularities},
   JOURNAL = {J. Anal. Math.},
  FJOURNAL = {Journal d'Analyse Math\'ematique},
    VOLUME = {78},
      YEAR = {1999},
     PAGES = {1--36},
      ISSN = {0021-7670},
     CODEN = {JOAMAV},
   MRCLASS = {58J37 (58J35 58J40)},
  MRNUMBER = {1714065 (2000g:58039)},
MRREVIEWER = {Robert Lauter},
       DOI = {10.1007/BF02791127},
       URL = {http://dx.doi.org/10.1007/BF02791127},
}

@article {Spr:ZFA,
    AUTHOR = {Spreafico, M.},
     TITLE = {Zeta function and regularized determinant on a disc and on a
              cone},
   JOURNAL = {J. Geom. Phys.},
  FJOURNAL = {Journal of Geometry and Physics},
    VOLUME = {54},
      YEAR = {2005},
    NUMBER = {3},
     PAGES = {355--371},
      ISSN = {0393-0440},
     CODEN = {JGPHE5},
   MRCLASS = {11M36 (58J52)},
  MRNUMBER = {2139088 (2005k:11184)},
MRREVIEWER = {Paul A. Loya},
       DOI = {10.1016/j.geomphys.2004.10.005},
       URL = {http://dx.doi.org/10.1016/j.geomphys.2004.10.005},
}

@article {Spr:ZIF,
    AUTHOR = {Spreafico, Mauro},
     TITLE = {Zeta invariants for {D}irichlet series},
   JOURNAL = {Pacific J. Math.},
  FJOURNAL = {Pacific Journal of Mathematics},
    VOLUME = {224},
      YEAR = {2006},
    NUMBER = {1},
     PAGES = {185--200},
      ISSN = {0030-8730},
     CODEN = {PJMAAI},
   MRCLASS = {11M36 (11M41 11R42)},
  MRNUMBER = {2231657 (2007b:11129)},
MRREVIEWER = {Roma Ka{\v{c}}inskait{\.e}},
       DOI = {10.2140/pjm.2006.224.185},
       URL = {http://dx.doi.org/10.2140/pjm.2006.224.185},
}

@article {Ver:ATO,
    AUTHOR = {Vertman, Boris},
     TITLE = {Analytic torsion of a bounded generalized cone},
   JOURNAL = {Comm. Math. Phys.},
  FJOURNAL = {Communications in Mathematical Physics},
    VOLUME = {290},
      YEAR = {2009},
    NUMBER = {3},
     PAGES = {813--860},
      ISSN = {0010-3616},
     CODEN = {CMPHAY},
   MRCLASS = {58J52},
  MRNUMBER = {2525641 (2010d:58032)},
MRREVIEWER = {Rung-Tzung Huang},
       DOI = {10.1007/s00220-009-0862-9},
       URL = {http://dx.doi.org/10.1007/s00220-009-0862-9},
}
